2116 3424
138 158 153 201 4
413 149 563 199 nonnrn
582 151 712 200 nancei
743 119 748 128 ’

309 236 363 298 Qui
380 231 451 287 vidit
467 247 543 286 mare
560 233 701 300 turgidum
719 238 749 288 et

275 309 395 364 Infames
413 308 535 376 scopulos
555 309 775 365 Acroceraunial
968 325 996 366 ac

308 384 334 437 N
337 383 498 452 equiequam
517 383 586 436 deus
604 383 721 438 abscidit

274 458 399 514 Prudens
418 461 525 512 Oceano
545 458 709 512 dissociabili

308 535 406 588 'serras
424 535 447 587 si
464 538 558 588 tamen
576 535 675 602 impiae
828 565 834 578 ·

272 611 299 665 N
301 628 335 664 on
353 610 491 679 tangenda
508 614 582 664 rates
600 611 756 664 transiliunt
773 607 853 828 ποῖ

966 698 993 737 aa

309 687 410 741 Audax
428 687 517 740 omnia
535 687 640 754 perpct'

272 761 346 818 Gens
364 763 483 815 humana
500 763 556 816 ruit
575 779 624 830 per
641 762 757 816 vetitum
773 781 807 818 ne

307 838 408 891 Audax
428 838 517 905 Iapeti
534 853 621 904 genus
709 869 712 874 -

271 911 368 981 Ignem
385 913 483 966 fraude
500 912 571 964 mala
588 910 716 978 gentibus
733 910 834 967 intulit.

306 987 372 1041 Post
389 988 480 1056 ignem
497 986 620 1040 aetheria
638 986 719 1040 dcmc

271 1061 442 1116 Subductum
460 1063 560 1115 macies
579 1065 608 1116 ct
624 1078 694 1115 nova
711 1059 828 1115 febrium
961 1077 986 1115 ee

304 1137 395 1192 Terris
413 1137 538 1191 incubuit
555 1137 658 1204 cohors,
680 1202 683 1209 Ι
766 1203 769 1210 ⁴

270 1211 430 1281 Semetique
447 1212 522 1279 prius
541 1212 622 1264 tarda
639 1209 788 1286 necessitas

304 1287 366 1340 Leti
384 1287 516 1355 corripuit
532 1286 658 1354 gradum.
743 1353 746 1356 Ι

269 1361 407 1429 Expertus
424 1377 539 1414 vacuum
559 1362 697 1414 Daedalus
709 1365 780 1414 'aira

305 1437 404 1490 Pennis
421 1453 475 1490 non
492 1437 593 1489 homini
612 1437 701 1501 datis3

270 1511 400 1581 Perrupit
419 1512 576 1566 Acheronta
595 1512 747 1565 Herculeus
764 1511 847 1567 labor.

303 1588 350 1643 Nil
368 1588 529 1642 mortalibus
546 1588 624 1640 ardui
643 1592 685 1656 est
695 1608 702 1652 ;
801 1608 802 1612 ¹

270 1663 383 1719 Caelum
401 1665 490 1732 ipsum
508 1664 626 1732 petimus
645 1663 770 1732 stultitia,
787 1679 876 1733 neque

302 1739 356 1793 Per
372 1743 496 1792 nostrum
515 1739 634 1807 patimur
651 1739 740 1792 scelus

267 1813 404 1868 Iracunda
420 1813 439 1866 J
441 1829 519 1867 ovem
537 1829 638 1882 ponere
654 1813 774 1868 fulmina

529 1953 580 2009 IV.
702 1953 773 2016 teia
811 1952 863 2040 ᾗῇ

128 2035 268 2092 Sonvrrurr
284 2035 355 2090 acris
372 2036 460 2092 hiems
478 2039 558 2105 grata
575 2035 634 2090 vice
652 2037 772 2110 verislet
789 2036 897 2133 Fatpni,

162 2097 340 2180 ranulam
358 2112 442 2166 siccas
459 2111 600 2166 maehinaa
614 2111 735 2180 *annas

128 2186 170 2240 Ac
187 2203 276 2255 neque
289 2187 350 2254 jam
368 2187 482 2240 stabulis
499 2187 603 2254 gaudet
620 2203 704 2254 pecus
722 2189 770 2240 aut
787 2189 880 2240 aratur
896 2186 965 2255 igni;

161 2261 220 2315 Nec
237 2266 317 2329 prata
334 2262 407 2316 canis
425 2262 544 2316 albicant
561 2262 673 2330 pruinis.
990 2305 992 2310 .
1021 2217 1030 2305 i

126 2336 191 2391 Jam
210 2337 344 2406 Cytherea
361 2338 457 2391 choros
475 2337 551 2391 ducit
569 2337 663 2390 Venus
680 2337 839 2392 imminente
856 2337 938 2404 Luna,
962 2356 973 2393 s
1028 2371 1029 2407 p

160 2413 334 2481 iunctaeque
352 2413 486 2482 Nymphis
504 2413 616 2468 Gratiae
634 2412 764 2466 decentes

126 2488 242 2542 Alternc
259 2492 363 2542 terram
381 2489 508 2557 quatiunt
525 2488 606 2556 pede,
624 2487 690 2541 dum
707 2503 804 2555 graves
822 2486 963 2557 Cyclopum
1027 2463 1028 2508 ¹

160 2563 298 2617 Vulcanus
315 2564 414 2618 ardens
432 2564 488 2618 urit
506 2564 631 2616 officinas.

125 2637 150 2690 N
153 2654 204 2692 unc
222 2639 303 2694 decet
320 2643 369 2694 aut
385 2639 466 2693 viridi
483 2639 602 2692 nitidum
619 2640 702 2707 caput
718 2637 852 2706 impedire
867 2641 953 2704 myrto

159 2714 225 2768 Aut·
235 2713 302 2768 flore
319 2719 411 2769 terrae
428 2731 511 2783 quem
528 2715 621 2767 ferunt
638 2714 750 2767 solutae.
950 2734 970 2774 Ν
1009 2759 1010 2762 ,

121 2788 205 2843 Nunc
222 2789 297 2843 etin
314 2789 449 2843 umbrosis
468 2789 561 2842 Fauno
579 2789 659 2842 dccet
676 2787 816 2843 immolare
833 2787 908 2844 lucis.

158 2864 214 2920 Seu
230 2869 325 2934 poscat
342 2881 438 2933 agnam
457 2865 515 2918 sive
532 2863 610 2917 malit
626 2863 753 2916 haedum.

123 2941 231 2997 Pallida
248 2940 324 2994 Mors
341 2957 428 3010 aequo
445 2941 536 3008 pulsat
553 2940 624 3009 pede
641 2955 793 3009 pauperum
810 2938 933 2994 tabernas

158 3017 319 3084 Regumque
336 3019 433 3069 turres.
468 3015 493 3069 Ο
511 3015 592 3071 beate
610 3017 691 3084 Sesti,

29 3111 57 3164 ο
126 3091 206 3146 Vitae
218 3105 323 3142 summa
334 3089 424 3142 brevis
433 3107 509 3158 spem
518 3095 651 3145 nosvetat
659 3091 788 3146 inchoare
798 3091 911 3158 longam.
942 3103 961 3142 15

156 3165 222 3218 dam
238 3167 268 3218 to
285 3167 394 3235 premet
411 3179 465 3216 nox
482 3163 643 3234 fabulaeque
661 3167 757 3222 Manes

362 3276 378 3313 lv
406 3297 409 3302 Ι

375 3316 381 3330 Χ

136 3356 168 3378 ιι.
177 3376 184 3379 ..
318 3349 343 3368 N
382 3305 425 3387 bg
