2126 3410
353 159 557 211 cremnon
574 160 623 211 1v.
641 163 665 210 o,
711 165 716 176 ·
900 154 933 208 π

114 233 177 302 0¹10
192 238 257 306 pius
274 237 455 308 Aeneaeque
472 238 707 294 dives'iullnset
724 241 819 294 Ancus
908 245 932 294 ις

150 310 245 366 Pulvis
261 315 292 366 et
307 311 406 366 umbra
423 329 523 368 sumus.

114 385 185 451 Quis
201 386 254 440 scit
269 403 305 441 an
322 386 453 454 aaeljicient
469 387 618 442 hodiernae
634 387 753 444 nauus
770 403 890 442 summae

149 459 284 530 Tempora
301 461 331 514 di
348 463 456 530 superii
482 518 485 522 ,
739 465 762 502 θ

114 534 224 590 Cuncta
240 552 337 590 manus
353 536 448 590 avidas
464 537 571 606 fugient
587 536 707 592 londin
713 537 799 591 amieo

151 609 228 673 Qme
245 610 356 665 dederis
374 611 471 666 animo.
906 627 930 666 rc

114 683 187 738 (lum
204 685 289 740 semel
305 685 436 741 occideris
453 691 483 742 et
499 688 536 740 de
552 689 582 741 tc
599 685 743 758 splendida
760 685 856 740 Minoe

151 759 262 815 Fecerit
278 760 410 829 arbitria*

113 834 142 888 N
144 851 187 902 on,
205 835 350 905 Torquate,
367 853 462 904 genus,
480 853 534 890 non
551 839 581 890 te
597 835 732 902 facundia,
749 851 803 889 non
819 837 850 890 tc

151 909 293 966 Restituct
309 911 413 980 pictas;

116 984 237 1039 Infernis
253 1002 344 1054 neque
360 987 434 1040 enim
450 985 572 1040 tenebris
590 984 678 1039 Diana
694 985 823 1054 pudicum
907 997 930 1036 rt

150 1059 263 1115 Liberat
281 1061 470 1130 Hippolytum,

117 1135 176 1190 Nec
193 1135 314 1189 Lethaea
330 1135 404 1190 valet
420 1135 541 1189 Theseus
558 1135 721 1203 abrumpere
738 1149 801 1188 mm

150 1208 266 1264 Vincula
284 1209 429 1265 Peirithoo.

386 1317 414 1416 ,’
459 1351 545 1406 vm.

149 1430 293 1487 Donanuu
310 1435 421 1501 pateras
437 1436 570 1502 grataque
587 1433 750 1500 commodus,

149 1507 305 1576 Censorino,
321 1508 390 1562 meis
406 1523 470 1562 aera
487 1507 631 1575 sodalibus,

149 1581 287 1636 Donarem
305 1581 435 1650 tripodas,
452 1582 573 1652 praemia
589 1582 700 1636 fortium

149 1657 302 1724 Graionrm,
319 1673 408 1726 neque
425 1661 458 1711 tu
475 1658 592 1725 pessima
608 1673 750 1711 munemm

151 1731 257 1800 Ferrea,
275 1732 361 1786 divite
378 1747 423 1788 me
440 1732 660 1786 scilieetartium
917 1743 931 1785 t

150 1806 224 1871 Quas
241 1810 290 1861 aut
308 1806 469 1862 Parrhasius
486 1807 604 1877 protulit·
617 1809 666 1862 aut
683 1806 790 1875 Scopas,

150 1881 205 1936 llic
223 1898 296 1949 saxo,
314 1881 426 1950 liquidis
442 1879 489 1935 illc
506 1881 641 1935 coloribus

150 1957 250 2012 Sollers
267 1973 340 2011 nunc
357 1956 494 2012 hominem
511 1973 620 2026 ponere,
637 1972 709 2010 nunc
727 1956 817 2010 deum.

149 2031 206 2086 Sed
221 2049 276 2086 non
292 2032 360 2086 haec
370 2031 438 2086 mihi
453 2031 503 2099 vis,
519 2049 573 2086 non
590 2031 643 2086 tibi
660 2032 756 2086 talium

150 2106 207 2161 Res
223 2111 267 2160 est
284 2111 333 2160 aut
349 2107 455 2161 animus
472 2106 630 2161 deliciarum
648 2122 738 2174 egens.
907 2119 929 2158 ro

150 2182 261 2237 Gaudes
277 2182 457 2247 carminibus;
476 2183 604 2236 carmine
613 2197 757 2256 possumus

150 2257 260 2311 Donate
277 2261 307 2310 et
323 2257 444 2326 pretium
461 2254 552 2310 dicere
569 2256 692 2312 muneri„

150 2331 176 2385 N
179 2349 214 2385 on
230 2331 317 2385 incisa
333 2331 406 2386 notis
423 2345 559 2385 marmora
575 2330 697 2400 publicis,

150 2406 204 2460 Per
221 2423 292 2476 quae
310 2406 423 2474 spiritus
440 2410 470 2460 et
487 2405 544 2460 vita
560 2406 635 2460 redit
651 2405 730 2458 bonis
835 2447 837 2454 .

149 2481 217 2535 Post
233 2484 350 2546 mortem
368 2481 490 2549 duoibum,
508 2497 562 2534 non
579 2480 680 2534 celeres
696 2479 778 2547 fugae
908 2491 930 2532 15

150 2555 336 2624 Rejecteeque
353 2558 503 2610 retrorsum
521 2554 683 2609 Hannibalis
700 2555 797 2621 minuo,

148 2630 212 2684 Non
229 2630 355 2686 incendia
373 2629 552 2698 Karthaginis
570 2629 678 2697 impiae,

149 2705 218 2774 Ejus
235 2705 283 2774 qui
301 2705 405 2759 domita
421 2721 520 2758 nomon
539 2703 576 2758 ab
595 2703 690 2757 Africa

148 2780 285 2835 Lucratus
301 2780 387 2834 rediit
404 2778 504 2834 clarius
520 2779 644 2833 indicant

150 2855 268 2922 Laudes,
286 2871 369 2924 quem
386 2854 518 2909 Calabrae
536 2853 673 2907 Pierides:
690 2865 780 2920 neque
905 2861 929 2901 ao

100 2977 104 2982 .
149 2931 178 2986 si
195 2931 308 2986 chartae
321 2930 419 2984 sileant
436 2929 511 2999 quod
527 2929 598 2983 bene
616 2927 712 2981 feceris

149 3005 307 3062 Mercedem
323 3003 428 3059 tuleris.
464 3002 537 3067 Quid
554 3003 627 3055 foret
645 3001 713 3053 iliae

149 3080 338 3148 Mavortisque
355 3093 424 3145 puer
441 3077 465 3128 ai
481 3074 655 3130 taciturnitas

150 3155 283 3210 Obstaret
299 3150 406 3209 meritis
423 3147 516 3203 invida
533 3144 659 3198 Romulil
