2144 3420
124 163 169 210 ise
396 155 549 209 HORATII
566 156 695 208 FLAGGI

122 240 209 306 Tergo
226 237 331 307 plector
347 237 427 291 enim.
462 237 515 301 Qui
531 240 567 290 tn·
580 232 739 305 impunitior
755 227 823 290 illa'
867 231 870 242 '
933 251 967 294 rot

123 314 199 378 Quae
215 329 298 381 parvo
316 312 385 365 sumi
401 314 542 380 nequeunt
558 311 670 364 obsonia
687 313 799 379 captasl

121 387 227 456 Nempe
246 387 443 441 inamarescunt
459 387 555 455 epulae
573 386 631 440 aine
648 385 702 440 fine
718 385 829 454 petitae.

123 463 254 531 Illusique
271 462 356 530 pedes
372 461 499 515 vitiosum
516 461 589 514 serre
607 464 734 514 recusant

122 538 234 606 Corpus.
270 541 317 590 An
332 537 376 590 hic
392 541 493 605 peccat,
512 535 687 589 subnectam
704 535 751 603 qui
768 551 837 604 puer
854 551 935 588 uvam

122 612 235 666 Furtiva
251 615 340 666 mutat
356 611 467 678 strigili:
486 611 533 679 qui
550 610 664 678 praedia
680 609 781 676 vendit,
935 627 968 665 ne

121 687 169 740 Nil
187 686 284 740 servile
300 685 379 754 gulae
396 701 494 753 parens
512 685 614 738 habeti
650 683 740 752 Adde,
758 683 832 753 quod
849 683 923 737 idem

121 761 148 814 N
150 777 184 814 on
201 761 294 814 horam
311 763 401 813 mum
419 775 479 812 esse
495 762 581 827 potes,
599 775 653 811 uon
671 759 727 812 otia
744 762 819 812 recte

123 834 234 903 Ponere,
251 838 335 903 teque
351 834 440 903 ipsum
459 833 537 898 vitas,
554 833 684 900 fugitiuus
702 837 731 886 et
749 849 817 900 erro,
922 891 928 902 ,

121 909 186 963 Jam
203 910 265 962 vino
282 924 423 977 quaerens,
439 907 498 975 jam
506 923 609 988 pomno
626 907 720 960 fallere
737 923 844 961 curam:

122 980 968 1049 Frustra3namcomesatrapremitsequiturqueiugacem.”ns

121 1057 136 1083 ‘⁴
145 1057 225 1113 Unde
237 1057 432 1126 mihi'lapidem
442 1056 515 1110 l”-¹‘
524 1055 659 1120 Quorsum
670 1059 713 1109 eat
724 1071 792 1124 opus
801 1055 876 1110 t’'-“
885 1055 968 1110 Unde

189 1133 305 1200 sagittas
314 1133 340 1186 l''
941 1163 945 1169 ·

120 1205 197 1258 “Aut
214 1205 315 1259 insanit
331 1205 412 1260 homo
429 1209 477 1260 aut
494 1222 589 1260 versus
605 1205 692 1258 facit.”
721 1203 820 1257 “Ocius
838 1203 900 1257 hino
916 1208 947 1257 te

121 1279 159 1333 Ni
175 1279 256 1348 rapis,
273 1279 386 1335 accedes
403 1297 486 1349 opera
503 1297 569 1348 agro
585 1296 656 1333 nona
673 1278 795 1333 Sabino?

120 1503 184 1558 “Ur
201 1503 343 1558 Nasidieni
357 1503 431 1572 juvit
448 1505 477 1557 te
496 1519 578 1556 coena
589 1503 688 1560 vbeatii

121 1576 193 1631 Nam
210 1579 277 1632 mihi
295 1578 437 1646 quaerenti
455 1577 593 1630 convivam
610 1579 699 1632 omns
716 1579 782 1634 ltere
799 1579 855 1633 illic
936 1617 938 1622 -

121 1652 165 1706 De
181 1654 384 1721 mediopotare
402 1652 468 1705 die.''
499 1651 568 1706 “Sic
585 1655 617 1706 ut
635 1653 701 1706 mihi
718 1669 855 1721 nunquam

122 1727 156 1782 In
173 1728 230 1782 vita
245 1728 330 1782 fuerit
347 1727 464 1780 melius?
494 1726 567 1794 “Da,
586 1727 609 1780 si
626 1743 708 1795 grave
725 1743 779 1780 non
797 1731 846 1794 est,

53 1841 56 1848 Δ
122 1803 197 1866 Quae
214 1803 302 1871 prima
318 1803 418 1856 iratum
436 1805 559 1855 ventrem
576 1801 723 1869 placaverit
741 1802 824 1856 esca.''
956 1815 971 1858 e

121 1877 178 1929 “ln
194 1877 288 1944 primis
305 1876 429 1930 Lucanus
445 1892 528 1944 apem
545 1875 600 1929 leni
617 1876 671 1930 fuit
689 1877 794 1930 Austro

121 1953 231 2019 Captus,
249 1954 280 2004 ut
297 1950 387 2005 aiebat
399 1967 503 2004 ,coenae
519 1954 598 2018 pater
607 1971 614 2015 ;
631 1951 705 2004 acria
720 1951 822 2005 circum

122 2026 235 2094 Rapuln,
252 2025 380 2093 lactucae,
398 2025 511 2096 radices,
529 2025 619 2092 qualia
636 2025 737 2080 lassum
825 2072 830 2078 .

122 2101 280 2159 Pervellunt
297 2100 472 2165 stomachum,
490 2100 564 2166 siser,
581 2099 656 2167 allec,
673 2099 779 2154 saecula
796 2100 859 2156 coa

122 2175 175 2228 His
192 2174 239 2228 ubi
257 2173 371 2228 sublatis
387 2191 456 2243 puer
473 2173 530 2228 alte
546 2174 649 2228 cinctus
666 2190 790 2228 aceniam
897 2185 916 2222 ο
947 2189 971 2227 m

121 2249 247 2316 Gamape
263 2265 399 2318 purpureo
416 2264 537 2302 mensam
553 2249 690 2317 pertersit,
705 2253 737 2304 et
754 2251 825 2303 alter

122 2323 246 2390 §obtegit
264 2324 443 2392 quodcunque
457 2323 564 2390 jaceret
580 2322 684 2377 inutile·
694 2325 821 2392 quodque

122 2398 220 2452 Posset
237 2399 380 2454 coenantes
398 2397 549 2462 offendere3
566 2400 599 2451 ut
617 2397 713 2454 Attica
723 2399 805 2465 :virgo

122 2473 191 2527 Cum
209 2473 291 2526 sacris
310 2472 418 2526 Cereris
435 2471 559 2540 procedit
577 2471 668 2526 fuscus
686 2473 829 2541 Hydaspes

122 2547 246 2622 Caecuba
263 2547 325 2600 vina
342 2547 438 2613 ferens,
457 2547 544 2602 Alcon
562 2545 659 2600 Chium
677 2547 760 2600 maris
776 2562 881 2614 expers
917 2583 923 2594 .
945 2559 970 2599 rs

123 2622 177 2676 Hic
193 2623 290 2676 herus:
309 2621 454 2687 Albanum,
473 2620 623 2686 Maecenas,
642 2620 699 2675 sive
717 2621 863 2674 Falernum

122 2695 160 2750 'le
177 2697 263 2764 magis
280 2696 410 2764 appositis
428 2694 553 2762 delectat,
570 2694 701 2748 habemus
718 2694 886 2762 utrumque.”

121 2771 136 2798 “
144 2770 260 2826 Divitias
270 2771 405 2824 'miserest
442 2769 499 2822 Sed
516 2769 577 2836 quis
596 2769 773 2822 coenantibus
789 2785 852 2834 una,

122 2843 255 2910 Fundani,
273 2844 384 2911 pulchre
401 2843 485 2896 fuerit
501 2843 562 2908 tibi,
578 2858 658 2894 nosse
674 2843 788 2897 laboro.”
870 2880 874 2890 .

124 2917 271 2969 “Summus
284 2933 333 2983 ego
345 2921 374 2969 et
385 2932 469 2984 prope
480 2932 524 2968 me
536 2916 635 2968 Viscus
647 2917 782 2971 Thurinus
794 2922 824 2972 ct
835 2918 906 2970 inira
939 2933 964 2972 ee

124 2987 153 3040 Si
170 2990 279 3040 memini
297 2989 411 3055 Varins3
428 3005 489 3041 cum
508 2989 620 3042 Servilio
638 2990 785 3046 Balatrone
852 3001 857 3012 '

124 3059 258 3127 Vibidius,
275 3077 342 3128 quas
360 3061 503 3115 Maecenas
521 3062 673 3118 adduxerat
690 3067 807 3120 umbras.
888 3087 891 3092 ·

125 3131 308 3184 Nornentanus
325 3137 385 3186 erat
402 3149 483 3200 super
500 3134 598 3202 ipsum,
617 3136 728 3191 Porcius
746 3140 816 3194 inira
