2144 3420
128 129 174 177 rea
401 115 554 177 horinurn
571 129 700 180 nuncet

124 205 261 260 Orbilium
279 203 401 272 dictare;
425 209 474 262 sed
492 209 638 263 emendata
654 209 741 262 rideri

125 280 297 349 Pndcbraque
314 284 343 334 et
360 283 463 336 exactis
480 284 622 337 minimum
640 283 772 338 distantia
788 285 890 353 miron

124 355 204 410 Inter
221 371 292 424 quae
308 355 422 410 verbum
440 359 552 413 emicuit
569 359 591 412 si
609 359 681 412 forte
699 357 836 429 decorum,
854 363 885 416 et

123 430 262 486 diversus
280 431 360 498 paulo
378 433 532 487 concinnior
549 450 619 487 rmus
637 438 667 488 et
684 433 760 502 alter,

124 505 231 575 injuste
248 510 337 560 totum
355 506 431 562 ducit
448 509 597 578 venditque
614 513 718 578 poema.
948 523 974 564 ve
1067 575 1068 578 Ἴ

122 581 255 650 Indignor
272 581 424 650 quidquam
439 584 615 652 reprehendi,
628 601 681 637 non
698 584 763 654 quia
779 600 871 640 masse
1067 579 1068 584 ¹

122 657 308 726 Compositum
325 657 469 726 illepideve
486 661 607 727 putetur,
567 658 676 712 ursed
693 659 757 728 quia
774 675 878 747 nuper;

121 731 148 784 N
149 749 180 786 ec
197 733 314 787 veniam
321 733 441 801 antiquis
458 733 508 788 sed
525 735 653 788 honorem
671 739 701 788 et
717 736 838 802 praemia
854 737 935 806 posci.

122 807 209 862 Recte
226 825 312 862 necne
330 823 437 862 crocum
454 809 589 878 floresque
605 809 779 878 perambulet
797 809 883 865 Att‘ae
1067 861 1068 880 ,

121 881 232 936 Fabula
243 883 266 936 si
284 883 416 950 dubitem,
434 883 552 938 clament
569 885 683 954 periisse
701 885 833 953 pudorem
941 903 968 941 eo

121 958 218 1013 Cuncti
234 975 321 1028 paene
339 967 438 1028 patres,
457 977 489 1014 ea
506 977 567 1013 cum
585 959 787 1028 reprehendere
804 976 886 1014 coner

120 1033 197 1097 Quae
214 1034 304 1102 gravis
323 1035 455 1103 Aesopus,
475 1051 545 1104 quae
562 1035 659 1088 doctus
678 1035 791 1088 Roscius
809 1036 881 1103 egit:

120 1108 173 1163 Vel
191 1109 256 1178 quia
272 1109 311 1162 nil
329 1113 433 1162 rectum
451 1110 504 1162 nisi
522 1110 596 1178 qnod
614 1111 716 1178 placuit
734 1109 785 1162 sibi
804 1110 916 1180 ducunt,

119 1183 172 1238 Vel
189 1184 256 1253 quia·
270 1188 353 1252 turpe
370 1187 469 1251 putant
485 1201 583 1254 parere
600 1185 756 1253 minoribus,
775 1187 893 1254 atquae

119 1258 262 1312 Imberbes
278 1259 399 1312 didicere
417 1275 496 1313 senes
513 1260 655 1329 perdenda
671 1259 761 1314 fateri.
936 1277 966 1317 ee
1067 1307 1068 1310 ,

118 1333 137 1387 J
139 1351 183 1388 am
201 1334 303 1389 Saliare
321 1334 427 1388 Numae
444 1351 553 1389 carmen
570 1337 618 1404 qui
635 1335 737 1402 laudat,
755 1337 785 1388 et
801 1333 871 1389 illud

119 1409 198 1475 Quod
216 1425 322 1463 mecum
339 1410 447 1476 ignorat
465 1411 537 1464 solus
555 1411 614 1464 vult
632 1411 700 1464 scire
718 1409 812 1476 videri,

118 1485 238 1554 Ingeniis
256 1501 310 1538 non
327 1484 373 1538 ille
389 1485 464 1539 favet
481 1485 641 1553 plauditque
658 1483 780 1552 sepultis,

117 1559 219 1615 Nostra
236 1560 286 1614 sed
303 1560 451 1628 impugnat,
469 1576 518 1612 nos
535 1564 682 1628 nostraque
699 1559 798 1612 lividus
814 1559 879 1616 odit

117 1635 197 1699 Quod
214 1635 237 1690 si
252 1639 311 1689 tam
330 1635 441 1689 Graecis
458 1635 564 1688 novitas
581 1635 666 1688 invisa
683 1635 781 1688 inisset
929 1651 963 1690 'oo
1067 1677 1068 1702 ,

117 1709 204 1774 Quam
219 1711 305 1777 nobis,
318 1710 385 1778 quid
401 1725 472 1763 nunc
487 1713 560 1764 esset
576 1710 670 1764 vetusl
692 1712 740 1762 aut
757 1707 825 1777 quid
840 1707 962 1764 haberet
1067 1709 1068 1790 ζ

117 1785 196 1849 Quod
213 1787 319 1853 legeret
335 1787 493 1853 tereretque
510 1785 612 1838 viritim
630 1784 753 1854 publicus
770 1785 855 1838 usust

116 1860 157 1914 Ut
173 1861 289 1948 primum
307 1860 403 1929 positis
420 1860 516 1926 nugari
535 1860 649 1914 Graecia
666 1859 746 1912 bellis

116 1936 212 2004 Coepit
229 1937 281 1990 et
273 1953 301 1988 ιιι
319 1935 415 1988 vitium
433 1935 541 1988 fortuna
557 1935 643 1988 labier
660 1951 754 2002 aequa,

115 2011 195 2065 nime
212 2011 376 2065 athletarum
395 2011 501 2076 studiis,
518 2027 589 2063 nunc
607 2010 675 2063 arsit
692 2025 832 2078 equorum,
930 2029 961 2068 aa
1067 1963 1068 2070 l

115 2086 258 2140 Marmoris
276 2089 324 2139 aut
341 2085 431 2138 ebone
448 2085 539 2140 fabros
557 2089 606 2140 aut
622 2085 692 2138 aeris
709 2083 818 2151 amavit,
1067 2101 1068 2112 ι

114 2160 264 2232 Suspendit
280 2161 354 2228 picta
370 2161 476 2213 vultum
494 2163 668 2248 mentemque
685 2158 794 2225 tabella,
863 2199 865 2207 ,

113 2234 194 2291 Nunc
210 2235 374 2302 tibicinibus‚
392 2251 463 2288 nunc
479 2239 522 2288 est
539 2235 631 2302 gavisa
648 2233 801 2302 tragoedis,

113 2312 170 2366 Sub
187 2312 293 2366 nutrice
309 2311 400 2380 puella
417 2310 493 2364 velut
510 2311 533 2362 ei
550 2310 658 2364 luderet
675 2309 773 2376 infans,

102 2387 194 2452 duod
211 2387 310 2456 cupide
325 2385 409 2454 petiit
425 2389 532 2438 mature
550 2385 633 2454 plena
649 2385 769 2452 reliquit.
920 2399 958 2441 roe

113 2463 186 2528 Quid
203 2463 293 2533 placet
309 2465 357 2515 aut
374 2461 437 2514 odio
452 2463 494 2513 est
512 2459 585 2528 quod
600 2477 654 2514 non
671 2458 803 2513 mutabile
817 2457 929 2514 credant
958 2503 961 2509 ,
1067 2467 1068 2518 g

112 2538 174 2593 Hoc
190 2553 270 2608 paces
288 2536 408 2590 habuere
425 2535 513 2588 bonae
530 2536 660 2603 ventique
677 2533 797 2588 secundi.

111 2614 215 2668 Romae
233 2613 311 2667 dulce
329 2611 377 2666 diu
394 2610 446 2664 fuit
464 2613 493 2664 et
511 2610 640 2663 sollemne
657 2609 762 2664 reclusa

111 2689 193 2762 Maqe
211 2689 291 2743 domo
308 2687 426 2754 vigilare,
444 2685 536 2738 clienti
553 2701 679 2752 promere
692 2684 765 2752 jura,
862 2696 864 2699 ·

111 2762 212 2818 &auios
229 2762 382 2816 nominibus
399 2761 481 2814 rectis
498 2760 653 2827 expendere
671 2775 802 2826 nummos,
918 2775 955 2816 ree

110 2837 231 2904 Majores
249 2836 351 2899 audire,
368 2835 466 2887 minori
484 2835 587 2902 dicere,
600 2851 650 2902 per
668 2851 739 2904 quae

111 2911 239 2964 Crescere
257 2926 301 2962 res
318 2913 419 2981 possed,
438 2909 522 2962 minui
541 2909 670 2963 damnosa
687 2909 781 2964 libido.

110 2983 229 3035 Mutavit
246 2987 365 3038 mentem
382 2985 498 3070 populus
515 2983 583 3037 levis
600 2988 629 3038 et
647 2985 717 3038 calet
705 2989 789 3038 tuno

111 3055 251 3107 Scribendi
269 3057 374 3120 studio;
397 3058 476 3126 pueri
495 3062 640 3126 patresque
659 3059 744 3113 severi

111 3125 203 3180 Frond
203 3142 219 3178 e
236 3137 328 3182 eomas
342 3130 426 3184 vincti
441 3135 559 3186 coenant
575 3137 605 3186 et
622 3135 741 3188 camnine
759 3133 872 3231 dictent
913 3141 959 3194 aa
