2126 3410
116 133 150 188 72
392 134 546 184 HORATII
562 135 693 184 FLAOOI

175 221 179 232 “
255 213 390 268 Ornatam
407 215 479 268 foliis
497 214 602 282 ducem,

131 340 135 350 ,
291 289 371 352 Quod
388 305 483 356 regum
501 289 621 344 tumidas
639 288 797 344 contuderit
813 291 907 358 minas,

167 397 171 404 ·
259 363 396 418 Ostendet
410 365 558 432 Capitolio:

159 508 161 512 ,
290 439 346 492 Sed
358 456 427 507 quae
440 439 524 492 lrbur
535 456 622 508 aquae
633 440 725 495 fcrtrlo
736 440 893 510 praefluunt
949 455 972 496 ro
1056 479 1057 504 2

257 514 297 570 Et
315 514 416 581 spissae
434 531 574 567 nemorum
592 531 685 568 comae

277 591 411 658 .Fingent
430 591 527 642 Aeolio
544 590 662 642 carmine
680 589 805 645 nobilem.

257 664 362 720 Romae
379 665 509 733 principis
527 664 636 718 urbium

291 741 427 808 Dignatur
445 739 553 793 suboles
569 739 644 793 inter
661 739 792 794 amabiles

257 815 360 870 Vatum
377 831 540 883 poneremc
558 815 660 882 choros,

292 890 354 944 ilt'
341 907 401 958 Jam
419 891 503 944 dente
521 890 610 943 minus
627 889 755 944 mordeor
771 889 871 947 invido.

230 1021 232 1024 .
258 965 291 1032 Ο,
308 968 364 1020 test
352 965 456 1018 tudinis
473 982 571 1019 aureae

291 1041 405 1094 Dulcem
423 1057 494 1109 quae
512 1040 664 1109 strepitum,
684 1039 766 1108 Pieri,
783 1005 954 1138 temperas,

258 1115 282 1170 0
300 1117 384 1170 mutis
402 1133 509 1184 quoque
526 1116 645 1184 piscibus

293 1191 434 1244 Donatura
450 1191 532 1258 cycni,
551 1191 574 1244 si
590 1191 682 1259 libeat,
699 1191 801 1260 sonum,
947 1209 972 1247 ιι
1056 1199 1057 1214 ³

258 1264 357 1319 Totum
374 1267 502 1330 muneris
510 1266 561 1319 hoc
578 1267 620 1320 tui
638 1272 694 1322 eet:

294 1341 375 1404 Quod
392 1345 527 1395 monstror
546 1341 632 1409 digito
649 1341 883 1411 praetereuntium

258 1413 396 1470 Romanae
414 1416 513 1469 fidicen
525 1416 638 1484 lyrae
773 1459 774 1463 ,

294 1489 374 1554 Quod
391 1490 463 1559 spiro
481 1494 510 1545 et
527 1491 628 1560 placeo,
646 1490 669 1546 si
686 1491 787 1560 placeo,
805 1494 883 1545 tuum
901 1499 954 1548 cst.
1056 1457 1057 1544 l

260 1717 382 1782 Quanam
400 1716 554 1770 ministrum
567 1675 692 1770 fulminis
709 1716 810 1786 alitem,

260 1793 311 1848 Oui
329 1809 378 1846 rex
396 1792 641 1860 deorum'regnum
659 1793 688 1844 in
705 1809 769 1847 ares
787 1808 869 1861 vagas

294 1869 425 1927 Permisit
443 1871 573 1938 expertus
590 1868 700 1921 fidelem

328 1943 458 2011 luppiter
475 1943 505 1996 in
523 1943 682 2011 Ganymede
700 1943 776 2012 flavo,
1056 1989 1057 2014 ,

261 2016 333 2090 Olim
346 2017 477 2085 juventas
494 2021 524 2072 et
541 2019 648 2086 patrius
665 2018 742 2086 rigor
962 2035 976 2075 s
1056 2043 1057 2092 ;

260 2093 335 2148 Nido
351 2093 474 2146 laborum
491 2094 612 2161 propulit
629 2093 751 2160 inscium,
1056 2099 1057 2106 ’

294 2169 436 2238 Vemique
449 2170 508 2238 jam
526 2169 626 2222 nimbis
643 2170 753 2224 remotis
837 2209 842 2214 -

330 2245 458 2298 Insolitos
472 2243 592 2298 nocuere
609 2245 685 2298 nisus
840 2313 843 2318 Δ

262 2317 346 2374 Venti
363 2322 514 2388 paventem,
532 2335 595 2372 mox
612 2319 644 2372 in
658 2319 739 2372 ovilia
835 2317 839 2364 ἶ

262 2394 380 2449 Demisit
397 2395 504 2448 hostem
521 2394 627 2448 vividus
644 2395 770 2464 impetus,

295 2470 376 2528 Nunc
393 2469 421 2522 in
439 2471 605 2524 reluctantes
624 2471 755 2524 dracones

330 2545 395 2613 Egit
411 2561 487 2598 amor
505 2545 583 2614 dapis
600 2549 684 2615 atque
700 2561 820 2614 pugnae:

261 2620 410 2686 Qualemvc
428 2620 507 2674 laetis
524 2636 623 2688 caprea
639 2621 747 2689 pascuis

149 2702 152 2706 ’
261 2695 376 2750 Intenta
391 2695 482 2748 fulvae
499 2696 596 2750 matris
613 2695 649 2750 ab
666 2695 753 2750 ubere

160 2807 164 2814 -
256 2812 258 2822 ι
295 2771 359 2824 lam
377 2771 447 2824 lacte
466 2770 609 2838 depulsum
627 2771 734 2824 leonem
845 2779 848 2790 ⁴
950 2783 973 2825 ιι

203 2879 205 2883 ⁷
329 2845 420 2898 Dente
437 2861 506 2898 novo
523 2847 646 2912 peritura
662 2846 746 2902 vidit:

263 2917 366 2972 Videre
384 2919 479 2971 Raetis
497 2919 570 2972 bella
588 2920 638 2973 sub
657 2921 775 2989 Alpibus

263 2990 383 3044 Drusum
400 2995 542 3058 gerentem
559 2992 695 3046 Vindelici
703 2993 844 3063 ;—quibus

297 3063 358 3118 Mos
375 3067 448 3118 unde
466 3065 600 3117 deductus
616 3082 667 3132 per
684 3083 765 3122 omne

332 3137 449 3203 Tempus
467 3140 615 3191 Amazonia
631 3141 720 3194 securi
946 3159 970 3206 ιι
