2126 3410
151 148 182 197 8⁰

424 151 576 200 HORATII
594 150 722 198 FLACGI

208 229 211 236 ⁴
289 230 358 286 Cum
375 247 425 300 per
442 232 583 286 obstantes
595 231 727 299 juvenum
745 234 868 286 catervas

288 306 347 361 Ibit
363 307 495 375 insignem
513 310 640 375 repetens
658 306 820 372 Nearchum,

287 382 399 437 Grande
417 387 554 436 certamen
571 380 624 436 tibi
640 381 744 450 praeda
760 382 842 436 cedat

322 457 413 526 Major
430 474 465 512 an
482 457 529 511 illi.
564 501 568 510 ,
609 487 612 493 ·
816 509 822 514 .

287 532 411 600 Interim,
430 533 495 586 dum
513 537 545 586 tu
562 532 665 586 celeres
683 533 797 600 sagIttas

288 606 402 677 Promis,
419 608 485 662 haec
502 607 599 660 dentes
616 607 688 660 acuit
705 607 848 676 timendos,

286 683 402 738 Arbiter
419 699 525 751 pugnae
543 683 664 750 posuisse
681 682 755 735 nudo

271 753 274 758 ’
320 759 378 813 Sub
394 757 466 827 pede
483 757 599 826 palmam

286 833 394 900 Fertur,
413 837 443 887 et
459 833 514 886 leni
531 848 655 886 recreare
672 835 753 885 vento
855 887 858 892 ,

286 908 415 976 Sparsum
432 908 553 961 odoratis
570 907 712 961 humerum
730 907 840 978 capillis,

286 983 378 1046 Qualis
395 987 443 1037 aut
460 983 561 1036 Nireus
578 977 631 1038 fuit
647 987 695 1037 aut
712 999 813 1052 aquosa

318 1057 425 1128 Raptus
442 1058 478 1114 ab
497 1058 556 1114 Ida

529 1267 608 1323 XXI.

283 1359 398 1415 Orsus
414 1373 520 1414 mecum
538 1357 647 1412 consule
665 1357 775 1425 Manlio,
819 1419 821 1424 Ι

282 1436 337 1491 Seu
355 1441 387 1489 tu
404 1435 528 1504 querelas
546 1434 602 1486 sive
619 1434 692 1500 geris
705 1434 782 1500 jocos

280 1545 283 1552 ·
317 1511 371 1565 Seu
388 1511 476 1563 rixam
494 1514 523 1562 et
540 1509 647 1561 insanos
665 1525 770 1562 amores

351 1585 406 1638 Seu
422 1585 536 1650 facilem,
555 1583 698 1650 matesis,
717 1599 847 1650 somnum,

283 1659 448 1728 Quocunque
465 1659 566 1712 lectum
584 1659 692 1711 nomine
710 1657 856 1712 Massicum

281 1734 385 1800 Servas,
404 1734 506 1786 moveri
523 1733 607 1800 digna
624 1733 694 1786 bono
712 1733 766 1796 die,

315 1809 464 1884 Descende,
483 1807 598 1861 (lorvino
612 1809 728 1875 jubente

350 1885 478 1937 Promere
495 1884 666 1951 languidiora
682 1884 752 1937 vina.

281 1957 308 2012 N
310 1975 344 2011 on
361 1956 413 2026 ille,
431 1975 594 2027 quamquam
613 1959 755 2024 Socraticis
773 1959 867 2013 madet

282 2033 463 2102 Semonibus,
481 2037 511 2087 te
528 2035 654 2101 negleget
670 2033 812 2086 horridus:

314 2109 450 2162 Narratrn·
467 2112 497 2163 et
513 2110 595 2177 prisci
613 2109 724 2162 (latonia

350 2184 436 2252 Saepe
453 2200 528 2236 mero
545 2184 658 2236 caluisse
676 2184 769 2237 virtus
856 2239 858 2246 ,

281 2257 323 2312 Τῑι
339 2258 400 2312 lene
417 2262 583 2312 tormentum
601 2259 709 2326 ingenio
727 2258 858 2314 admoves

282 2333 446 2401 Plerumque
464 2332 546 2396 duro;
564 2337 596 2385 tu
613 2333 777 2400 sapientium

316 2407 401 2462 (iuras
418 2411 448 2460 et
464 2422 591 2459 arcanum
604 2407 699 2474 jocoso

293 2485 295 2489 '
349 2481 496 2534 Consilium
517 2483 616 2549 retegis
635 2483 743 2550 Lyse03

280 2555 322 2611 'lu
339 2573 414 2625 spem
431 2556 539 2611 reducis
558 2557 692 2611 mentibus
710 2558 797 2612 anxiis

281 2631 423 2700 Viresque,
441 2635 470 2685 et
487 2632 567 2685 addis
584 2649 684 2716 oosnua
701 2635 835 2702 pauperi;

315 2707 381 2760 Post
397 2709 427 2760 te
444 2723 533 2775 neque
550 2707 635 2760 iratos
652 2709 782 2762 trementi
821 2765 825 2772 ,

348 2782 454 2849 Regum
472 2782 561 2849 apices
578 2799 667 2851 neque
685 2783 802 2836 militum
819 2800 901 2838 arma

279 2855 318 2911 'l'e
336 2855 419 2909 Liber
436 2859 472 2922 et,
491 2856 514 2908 si
531 2856 604 2910 laeta
621 2859 718 2924 aderit,
738 2859 833 2911 Venus

279 2931 435 2998 Segncsque
452 2930 553 2982 nodum
572 2933 675 2986 solvere
694 2934 805 2988 Gratiae

313 3004 454 3073 Vivaeque
470 3005 622 3076 producent
639 3008 774 3074 lucernae,
853 3065 857 3070 ,

347 3077 421 3132 Dum
438 3078 546 3133 rediens
563 3077 640 3146 fugat
657 3086 731 3138 estre
750 3083 883 3143 Phoebus.
