<?xml version="1.0" encoding="UTF-8"?>
<!DOCTYPE html PUBLIC "-//W3C//DTD XHTML 1.0 Transitional//EN"
    "http://www.w3.org/TR/xhtml1/DTD/xhtml1-transitional.dtd">
<html xmlns="http://www.w3.org/1999/xhtml" xml:lang="en" lang="en">
 <head>
  <title>
</title>
<meta http-equiv="Content-Type" content="text/html;charset=utf-8" />
  <meta name='ocr-system' content='tesseract 3.04.00' />
  <meta name='ocr-capabilities' content='ocr_page ocr_carea ocr_par ocr_line ocrx_word'/>
</head>
<body>
  <div class='ocr_page' id='page_1' title='image "./quintihoratiifl00maclgoog_0194.png"; bbox 0 0 2144 3420; ppageno 0'>
   <div class='ocr_carea' id='block_1_1' title="bbox 143 141 716 193">
    <p class='ocr_par' dir='ltr' id='par_1_1' title="bbox 143 141 716 193">
     <span class='ocr_line' id='line_1_1' title="bbox 143 141 716 193; baseline 0 -1"><span class='ocrx_word' id='word_1_1' title='bbox 143 145 188 193; x_wconf 67' lang='lat' dir='ltr'><strong>lili</strong></span> <span class='ocrx_word' id='word_1_2' title='bbox 414 141 569 192; x_wconf 74' lang='lat' dir='ltr'><strong>nonam</strong></span> <span class='ocrx_word' id='word_1_3' title='bbox 585 142 716 192; x_wconf 71' lang='lat' dir='ltr'><strong>russel</strong></span> 
     </span>
    </p>
   </div>
   <div class='ocr_carea' id='block_1_2' title="bbox 140 220 1007 1943">
    <p class='ocr_par' dir='ltr' id='par_1_2' title="bbox 140 220 1005 366">
     <span class='ocr_line' id='line_1_2' title="bbox 140 220 1005 292; baseline 0.001 -16"><span class='ocrx_word' id='word_1_4' title='bbox 140 221 269 277; x_wconf 83' lang='lat' dir='ltr'><strong>Militiam</strong></span> <span class='ocrx_word' id='word_1_5' title='bbox 287 237 358 292; x_wconf 90' lang='lat' dir='ltr'><strong>puer</strong></span> <span class='ocrx_word' id='word_1_6' title='bbox 376 226 405 277; x_wconf 87' lang='lat' dir='ltr'><strong>et</strong></span> <span class='ocrx_word' id='word_1_7' title='bbox 424 221 587 276; x_wconf 80' lang='lat' dir='ltr'><strong>Cantabrica</strong></span> <span class='ocrx_word' id='word_1_8' title='bbox 604 221 676 275; x_wconf 88' lang='lat' dir='ltr'><strong>bella</strong></span> <span class='ocrx_word' id='word_1_9' title='bbox 694 220 783 276; x_wconf 89' lang='lat' dir='ltr'><strong>tulisti</strong></span> <span class='ocrx_word' id='word_1_10' title='bbox 976 235 1005 277; x_wconf 75' lang='grc' dir='ltr'><strong>σε</strong></span> 
     </span>
     <span class='ocr_line' id='line_1_3' title="bbox 141 296 870 366; baseline 0.001 -15"><span class='ocrx_word' id='word_1_11' title='bbox 141 297 199 352; x_wconf 83' lang='lat' dir='ltr'><strong>Sub</strong></span> <span class='ocrx_word' id='word_1_12' title='bbox 218 297 288 352; x_wconf 89' lang='lat' dir='ltr'><strong>duee</strong></span> <span class='ocrx_word' id='word_1_13' title='bbox 306 296 354 366; x_wconf 89' lang='lat' dir='ltr'><strong>qui</strong></span> <span class='ocrx_word' id='word_1_14' title='bbox 372 298 483 364; x_wconf 90' lang='lat' dir='ltr'><strong>templis</strong></span> <span class='ocrx_word' id='word_1_15' title='bbox 502 297 666 350; x_wconf 82' lang='lat' dir='ltr'><strong>Parthorum</strong></span> <span class='ocrx_word' id='word_1_16' title='bbox 684 297 760 364; x_wconf 79' lang='lat' dir='ltr'><strong>signa</strong></span> <span class='ocrx_word' id='word_1_17' title='bbox 778 297 870 365; x_wconf 84' lang='lat' dir='ltr'><strong>refigit</strong></span> 
     </span>
    </p>

    <p class='ocr_par' dir='ltr' id='par_1_3' title="bbox 141 371 866 441">
     <span class='ocr_line' id='line_1_4' title="bbox 141 371 866 441; baseline 0.001 -15"><span class='ocrx_word' id='word_1_18' title='bbox 141 373 228 436; x_wconf 87' lang='lat' dir='ltr'><strong>Nunc,</strong></span> <span class='ocrx_word' id='word_1_19' title='bbox 246 378 275 427; x_wconf 90' lang='lat' dir='ltr'><strong>et</strong></span> <span class='ocrx_word' id='word_1_20' title='bbox 296 374 319 426; x_wconf 84' lang='lat' dir='ltr'><strong>si</strong></span> <span class='ocrx_word' id='word_1_21' title='bbox 337 372 403 441; x_wconf 90' lang='lat' dir='ltr'><strong>quid</strong></span> <span class='ocrx_word' id='word_1_22' title='bbox 421 373 500 426; x_wconf 89' lang='lat' dir='ltr'><strong>abest</strong></span> <span class='ocrx_word' id='word_1_23' title='bbox 517 373 595 426; x_wconf 84' lang='lat' dir='ltr'><strong>Italis</strong></span> <span class='ocrx_word' id='word_1_24' title='bbox 612 371 754 440; x_wconf 86' lang='lat' dir='ltr'><strong>adjudicat</strong></span> <span class='ocrx_word' id='word_1_25' title='bbox 770 371 866 427; x_wconf 83' lang='lat' dir='ltr'><strong>armis.-</strong></span> 
     </span>
    </p>

    <p class='ocr_par' dir='ltr' id='par_1_4' title="bbox 143 447 802 516">
     <span class='ocr_line' id='line_1_5' title="bbox 143 447 802 516; baseline -0.003 -14"><span class='ocrx_word' id='word_1_26' title='bbox 143 450 194 516; x_wconf 81' lang='lat' dir='ltr'><strong>Ac,</strong></span> <span class='ocrx_word' id='word_1_27' title='bbox 215 465 251 502; x_wconf 93' lang='lat' dir='ltr'><strong>ne</strong></span> <span class='ocrx_word' id='word_1_28' title='bbox 270 452 300 503; x_wconf 92' lang='lat' dir='ltr'><strong>te</strong></span> <span class='ocrx_word' id='word_1_29' title='bbox 318 448 443 502; x_wconf 86' lang='lat' dir='ltr'><strong>retrahas</strong></span> <span class='ocrx_word' id='word_1_30' title='bbox 462 451 492 502; x_wconf 92' lang='lat' dir='ltr'><strong>et</strong></span> <span class='ocrx_word' id='word_1_31' title='bbox 512 447 702 501; x_wconf 77' lang='lat' dir='ltr'><strong>inexcusabilis</strong></span> <span class='ocrx_word' id='word_1_32' title='bbox 721 447 802 514; x_wconf 84' lang='lat' dir='ltr'><strong>absis,</strong></span> 
     </span>
    </p>

    <p class='ocr_par' dir='ltr' id='par_1_5' title="bbox 142 523 1007 741">
     <span class='ocr_line' id='line_1_6' title="bbox 143 523 889 593; baseline 0.003 -17"><span class='ocrx_word' id='word_1_33' title='bbox 143 523 273 587; x_wconf 81' lang='lat' dir='ltr'><strong>Quamvis</strong></span> <span class='ocrx_word' id='word_1_34' title='bbox 294 523 333 576; x_wconf 95' lang='lat' dir='ltr'><strong>nil</strong></span> <span class='ocrx_word' id='word_1_35' title='bbox 351 527 431 577; x_wconf 84' lang='lat' dir='ltr'><strong>extra</strong></span> <span class='ocrx_word' id='word_1_36' title='bbox 450 539 594 576; x_wconf 89' lang='lat' dir='ltr'><strong>numerum</strong></span> <span class='ocrx_word' id='word_1_37' title='bbox 613 523 708 576; x_wconf 85' lang='lat' dir='ltr'><strong>iecisse</strong></span> <span class='ocrx_word' id='word_1_38' title='bbox 724 523 889 593; x_wconf 88' lang='lat' dir='ltr'><strong>modumque</strong></span> 
     </span>
     <span class='ocr_line' id='line_1_7' title="bbox 142 597 1007 667; baseline -0.006 -14"><span class='ocrx_word' id='word_1_39' title='bbox 142 597 237 667; x_wconf 71' lang='lat' dir='ltr'><strong>eures,</strong></span> <span class='ocrx_word' id='word_1_40' title='bbox 257 598 399 652; x_wconf 92' lang='lat' dir='ltr'><strong>interdum</strong></span> <span class='ocrx_word' id='word_1_41' title='bbox 415 599 527 666; x_wconf 87' lang='lat' dir='ltr'><strong>nugaris</strong></span> <span class='ocrx_word' id='word_1_42' title='bbox 548 614 612 651; x_wconf 91' lang='lat' dir='ltr'><strong>rure</strong></span> <span class='ocrx_word' id='word_1_43' title='bbox 631 601 761 667; x_wconf 77' lang='lat' dir='ltr'><strong>patem03</strong></span> <span class='ocrx_word' id='word_1_44' title='bbox 979 621 1007 660; x_wconf 71' lang='grc' dir='ltr'>ω</span> 
     </span>
     <span class='ocr_line' id='line_1_8' title="bbox 143 672 766 741; baseline -0.002 -14"><span class='ocrx_word' id='word_1_45' title='bbox 143 672 268 728; x_wconf 79' lang='lat' dir='ltr'><strong>Partitur</strong></span> <span class='ocrx_word' id='word_1_46' title='bbox 284 674 380 728; x_wconf 78' lang='lat' dir='ltr'><strong>lintres</strong></span> <span class='ocrx_word' id='word_1_47' title='bbox 400 673 551 736; x_wconf 63' lang='lat' dir='ltr'><strong>exercitum</strong></span> <span class='ocrx_word' id='word_1_48' title='bbox 571 673 653 726; x_wconf 81' lang='lat' dir='ltr'><strong>Actia</strong></span> <span class='ocrx_word' id='word_1_49' title='bbox 674 689 766 741; x_wconf 84' lang='lat' dir='ltr'><strong>pugna</strong></span> 
     </span>
    </p>

    <p class='ocr_par' dir='ltr' id='par_1_6' title="bbox 142 748 831 954">
     <span class='ocr_line' id='line_1_9' title="bbox 142 748 808 819; baseline -0.002 -16"><span class='ocrx_word' id='word_1_50' title='bbox 142 748 182 803; x_wconf 78' lang='lat' dir='ltr'><strong>&#39;rs</strong></span> <span class='ocrx_word' id='word_1_51' title='bbox 201 749 270 804; x_wconf 82' lang='lat' dir='ltr'><strong>duee</strong></span> <span class='ocrx_word' id='word_1_52' title='bbox 287 766 338 819; x_wconf 89' lang='lat' dir='ltr'><strong>per</strong></span> <span class='ocrx_word' id='word_1_53' title='bbox 353 749 453 819; x_wconf 89' lang='lat' dir='ltr'><strong>&#39;pueros</strong></span> <span class='ocrx_word' id='word_1_54' title='bbox 469 749 561 802; x_wconf 92' lang='lat' dir='ltr'><strong>hostili</strong></span> <span class='ocrx_word' id='word_1_55' title='bbox 582 764 658 802; x_wconf 89' lang='lat' dir='ltr'><strong>more</strong></span> <span class='ocrx_word' id='word_1_56' title='bbox 675 749 808 815; x_wconf 61' lang='lat' dir='ltr'><strong>refertum</strong></span> 
     </span>
     <span class='ocr_line' id='line_1_10' title="bbox 145 823 831 890; baseline 0.001 -12"><span class='ocrx_word' id='word_1_57' title='bbox 145 823 328 878; x_wconf 76' lang='lat' dir='ltr'><strong>Adversarius</strong></span> <span class='ocrx_word' id='word_1_58' title='bbox 345 828 388 879; x_wconf 87' lang='lat' dir='ltr'><strong>est</strong></span> <span class='ocrx_word' id='word_1_59' title='bbox 404 825 498 890; x_wconf 83' lang='lat' dir='ltr'><strong>frater,</strong></span> <span class='ocrx_word' id='word_1_60' title='bbox 515 824 590 877; x_wconf 85' lang='lat' dir='ltr'><strong>lacus</strong></span> <span class='ocrx_word' id='word_1_61' title='bbox 610 823 723 889; x_wconf 82' lang='lat' dir='ltr'><strong>Hadria,</strong></span> <span class='ocrx_word' id='word_1_62' title='bbox 744 823 831 880; x_wconf 90' lang='lat' dir='ltr'><strong>do&#39;nee</strong></span> 
     </span>
     <span class='ocr_line' id='line_1_11' title="bbox 146 897 812 954; baseline 0.002 -1"><span class='ocrx_word' id='word_1_63' title='bbox 146 899 321 953; x_wconf 78' lang='lat' dir='ltr'><strong>Alterutrum</strong></span> <span class='ocrx_word' id='word_1_64' title='bbox 336 900 415 953; x_wconf 87' lang='lat' dir='ltr'><strong>velox</strong></span> <span class='ocrx_word' id='word_1_65' title='bbox 435 899 559 952; x_wconf 79' lang='lat' dir='ltr'><strong>Victoria</strong></span> <span class='ocrx_word' id='word_1_66' title='bbox 576 897 674 952; x_wconf 85' lang='lat' dir='ltr'><strong>fronde</strong></span> <span class='ocrx_word' id='word_1_67' title='bbox 693 902 812 954; x_wconf 88' lang='lat' dir='ltr'><strong>coronet.</strong></span> 
     </span>
    </p>

    <p class='ocr_par' dir='ltr' id='par_1_7' title="bbox 148 973 791 1042">
     <span class='ocr_line' id='line_1_12' title="bbox 148 973 791 1042; baseline 0.003 -16"><span class='ocrx_word' id='word_1_68' title='bbox 148 973 311 1028; x_wconf 79' lang='lat' dir='ltr'><strong>Consentire</strong></span> <span class='ocrx_word' id='word_1_69' title='bbox 329 975 385 1028; x_wconf 89' lang='lat' dir='ltr'><strong>suis</strong></span> <span class='ocrx_word' id='word_1_70' title='bbox 404 974 503 1034; x_wconf 85' lang='lat' dir='ltr'><strong>studiis</strong></span> <span class='ocrx_word' id='word_1_71' title='bbox 522 973 568 1042; x_wconf 91' lang='lat' dir='ltr'><strong>qui</strong></span> <span class='ocrx_word' id='word_1_72' title='bbox 587 973 737 1028; x_wconf 80' lang='lat' dir='ltr'><strong>crediderit</strong></span> <span class='ocrx_word' id='word_1_73' title='bbox 754 978 791 1040; x_wconf 91' lang='lat' dir='ltr'><strong>te,</strong></span> 
     </span>
    </p>

    <p class='ocr_par' dir='ltr' id='par_1_8' title="bbox 147 1047 892 1193">
     <span class='ocr_line' id='line_1_13' title="bbox 147 1047 857 1118; baseline 0.003 -16"><span class='ocrx_word' id='word_1_74' title='bbox 147 1047 250 1102; x_wconf 83' lang='lat' dir='ltr'><strong>Fauter</strong></span> <span class='ocrx_word' id='word_1_75' title='bbox 267 1053 385 1118; x_wconf 89' lang='lat' dir='ltr'><strong>utroque</strong></span> <span class='ocrx_word' id='word_1_76' title='bbox 402 1053 481 1103; x_wconf 91' lang='lat' dir='ltr'><strong>tuum</strong></span> <span class='ocrx_word' id='word_1_77' title='bbox 499 1048 623 1102; x_wconf 86' lang='lat' dir='ltr'><strong>laudabit</strong></span> <span class='ocrx_word' id='word_1_78' title='bbox 638 1048 735 1117; x_wconf 91' lang='lat' dir='ltr'><strong>pollice</strong></span> <span class='ocrx_word' id='word_1_79' title='bbox 755 1048 857 1104; x_wconf 89' lang='lat' dir='ltr'><strong>ludum.</strong></span> 
     </span>
     <span class='ocr_line' id='line_1_14' title="bbox 147 1122 892 1193; baseline 0.005 -18"><span class='ocrx_word' id='word_1_80' title='bbox 147 1122 275 1177; x_wconf 85' lang='lat' dir='ltr'><strong>Protinus</strong></span> <span class='ocrx_word' id='word_1_81' title='bbox 292 1129 325 1178; x_wconf 91' lang='lat' dir='ltr'><strong>ut</strong></span> <span class='ocrx_word' id='word_1_82' title='bbox 342 1141 473 1192; x_wconf 88' lang='lat' dir='ltr'><strong>moneam,</strong></span> <span class='ocrx_word' id='word_1_83' title='bbox 492 1124 515 1178; x_wconf 88' lang='lat' dir='ltr'><strong>si</strong></span> <span class='ocrx_word' id='word_1_84' title='bbox 532 1123 600 1192; x_wconf 88' lang='lat' dir='ltr'><strong>quid</strong></span> <span class='ocrx_word' id='word_1_85' title='bbox 618 1123 760 1178; x_wconf 87' lang='lat' dir='ltr'><strong>monitoris</strong></span> <span class='ocrx_word' id='word_1_86' title='bbox 777 1141 842 1193; x_wconf 77' lang='lat' dir='ltr'><strong>eges</strong></span> <span class='ocrx_word' id='word_1_87' title='bbox 860 1130 892 1179; x_wconf 90' lang='lat' dir='ltr'><strong>tn</strong></span> 
     </span>
    </p>

    <p class='ocr_par' dir='ltr' id='par_1_9' title="bbox 148 1198 889 1343">
     <span class='ocr_line' id='line_1_15' title="bbox 148 1198 889 1269; baseline 0.005 -19"><span class='ocrx_word' id='word_1_88' title='bbox 148 1198 221 1261; x_wconf 84' lang='lat' dir='ltr'><strong>Quid</strong></span> <span class='ocrx_word' id='word_1_89' title='bbox 239 1198 275 1252; x_wconf 90' lang='lat' dir='ltr'><strong>de</strong></span> <span class='ocrx_word' id='word_1_90' title='bbox 292 1216 399 1269; x_wconf 90' lang='lat' dir='ltr'><strong>quoque</strong></span> <span class='ocrx_word' id='word_1_91' title='bbox 416 1200 474 1252; x_wconf 90' lang='lat' dir='ltr'><strong>viro</strong></span> <span class='ocrx_word' id='word_1_92' title='bbox 492 1203 522 1254; x_wconf 91' lang='lat' dir='ltr'><strong>et</strong></span> <span class='ocrx_word' id='word_1_93' title='bbox 538 1199 581 1253; x_wconf 91' lang='lat' dir='ltr'><strong>cui</strong></span> <span class='ocrx_word' id='word_1_94' title='bbox 599 1199 673 1252; x_wconf 86' lang='lat' dir='ltr'><strong>dicas</strong></span> <span class='ocrx_word' id='word_1_95' title='bbox 691 1216 773 1269; x_wconf 87' lang='lat' dir='ltr'><strong>saepe</strong></span> <span class='ocrx_word' id='word_1_96' title='bbox 789 1200 889 1254; x_wconf 87' lang='lat' dir='ltr'><strong>videto.</strong></span> 
     </span>
     <span class='ocr_line' id='line_1_16' title="bbox 149 1273 861 1343; baseline 0.003 -17"><span class='ocrx_word' id='word_1_97' title='bbox 149 1273 368 1327; x_wconf 88' lang='lat' dir='ltr'><strong>Percontatorem</strong></span> <span class='ocrx_word' id='word_1_98' title='bbox 384 1274 479 1342; x_wconf 79' lang='lat' dir='ltr'><strong>fugito,</strong></span> <span class='ocrx_word' id='word_1_99' title='bbox 496 1290 560 1328; x_wconf 88' lang='lat' dir='ltr'><strong>nam</strong></span> <span class='ocrx_word' id='word_1_100' title='bbox 576 1274 702 1341; x_wconf 79' lang='lat' dir='ltr'><strong>garrulus</strong></span> <span class='ocrx_word' id='word_1_101' title='bbox 719 1274 792 1327; x_wconf 87' lang='lat' dir='ltr'><strong>idern</strong></span> <span class='ocrx_word' id='word_1_102' title='bbox 811 1279 861 1343; x_wconf 87' lang='lat' dir='ltr'><strong>est,</strong></span> 
     </span>
    </p>

    <p class='ocr_par' dir='ltr' id='par_1_10' title="bbox 149 1348 1000 1479">
     <span class='ocr_line' id='line_1_17' title="bbox 149 1348 1000 1419; baseline 0.007 -18"><span class='ocrx_word' id='word_1_103' title='bbox 149 1348 174 1401; x_wconf 87' lang='lat' dir='ltr'><strong>N</strong></span> <span class='ocrx_word' id='word_1_104' title='bbox 176 1363 208 1402; x_wconf 91' lang='lat' dir='ltr'><strong>ec</strong></span> <span class='ocrx_word' id='word_1_105' title='bbox 224 1349 342 1403; x_wconf 86' lang='lat' dir='ltr'><strong>retinent</strong></span> <span class='ocrx_word' id='word_1_106' title='bbox 359 1350 468 1418; x_wconf 89' lang='lat' dir='ltr'><strong>patulae</strong></span> <span class='ocrx_word' id='word_1_107' title='bbox 486 1350 628 1403; x_wconf 85' lang='lat' dir='ltr'><strong>commissa</strong></span> <span class='ocrx_word' id='word_1_108' title='bbox 646 1349 765 1403; x_wconf 85' lang='lat' dir='ltr'><strong>fideliter</strong></span> <span class='ocrx_word' id='word_1_109' title='bbox 781 1366 868 1419; x_wconf 87' lang='lat' dir='ltr'><strong>aures,</strong></span> <span class='ocrx_word' id='word_1_110' title='bbox 973 1365 1000 1407; x_wconf 74' lang='lat' dir='ltr'><strong>re</strong></span> 
     </span>
     <span class='ocr_line' id='line_1_18' title="bbox 150 1423 853 1479; baseline 0.001 -1"><span class='ocrx_word' id='word_1_111' title='bbox 150 1423 187 1478; x_wconf 78' lang='lat' dir='ltr'><strong>m</strong></span> <span class='ocrx_word' id='word_1_112' title='bbox 203 1425 286 1479; x_wconf 86' lang='lat' dir='ltr'><strong>semel</strong></span> <span class='ocrx_word' id='word_1_113' title='bbox 304 1424 431 1478; x_wconf 86' lang='lat' dir='ltr'><strong>emissum</strong></span> <span class='ocrx_word' id='word_1_114' title='bbox 448 1425 521 1478; x_wconf 89' lang='lat' dir='ltr'><strong>volat</strong></span> <span class='ocrx_word' id='word_1_115' title='bbox 539 1424 715 1478; x_wconf 80' lang='lat' dir='ltr'><strong>irrevocabile</strong></span> <span class='ocrx_word' id='word_1_116' title='bbox 732 1425 853 1479; x_wconf 87' lang='lat' dir='ltr'><strong>verbum.</strong></span> 
     </span>
    </p>

    <p class='ocr_par' dir='ltr' id='par_1_11' title="bbox 151 1499 824 1569">
     <span class='ocr_line' id='line_1_19' title="bbox 151 1499 824 1569; baseline 0.001 -16"><span class='ocrx_word' id='word_1_117' title='bbox 151 1499 175 1553; x_wconf 90' lang='lat' dir='ltr'>N</span> <span class='ocrx_word' id='word_1_118' title='bbox 178 1516 212 1554; x_wconf 90' lang='lat' dir='ltr'><strong>on</strong></span> <span class='ocrx_word' id='word_1_119' title='bbox 229 1501 325 1554; x_wconf 84' lang='lat' dir='ltr'><strong>ancilla</strong></span> <span class='ocrx_word' id='word_1_120' title='bbox 341 1503 419 1554; x_wconf 89' lang='lat' dir='ltr'><strong>tuum</strong></span> <span class='ocrx_word' id='word_1_121' title='bbox 432 1499 512 1568; x_wconf 88' lang='lat' dir='ltr'><strong>jecur</strong></span> <span class='ocrx_word' id='word_1_122' title='bbox 529 1499 633 1554; x_wconf 87' lang='lat' dir='ltr'><strong>ulceret</strong></span> <span class='ocrx_word' id='word_1_123' title='bbox 650 1500 706 1553; x_wconf 85' lang='lat' dir='ltr'><strong>ulla</strong></span> <span class='ocrx_word' id='word_1_124' title='bbox 722 1516 824 1569; x_wconf 86' lang='lat' dir='ltr'><strong>puerve</strong></span> 
     </span>
    </p>

    <p class='ocr_par' dir='ltr' id='par_1_12' title="bbox 153 1574 794 1648">
     <span class='ocr_line' id='line_1_20' title="bbox 153 1574 794 1648; baseline 0.002 -20"><span class='ocrx_word' id='word_1_125' title='bbox 153 1576 229 1630; x_wconf 87' lang='lat' dir='ltr'><strong>Intra</strong></span> <span class='ocrx_word' id='word_1_126' title='bbox 245 1592 424 1648; x_wconf 85' lang='lat' dir='ltr'><strong>marmoreum</strong></span> <span class='ocrx_word' id='word_1_127' title='bbox 442 1574 588 1629; x_wconf 89' lang='lat' dir='ltr'><strong>venerandi</strong></span> <span class='ocrx_word' id='word_1_128' title='bbox 606 1575 689 1629; x_wconf 88' lang='lat' dir='ltr'><strong>limen</strong></span> <span class='ocrx_word' id='word_1_129' title='bbox 707 1576 794 1644; x_wconf 86' lang='lat' dir='ltr'><strong>amici,</strong></span> 
     </span>
    </p>

    <p class='ocr_par' dir='ltr' id='par_1_13' title="bbox 152 1649 804 1720">
     <span class='ocr_line' id='line_1_21' title="bbox 152 1649 804 1720; baseline 0 -16"><span class='ocrx_word' id='word_1_130' title='bbox 152 1651 177 1704; x_wconf 89' lang='lat' dir='ltr'>N</span> <span class='ocrx_word' id='word_1_131' title='bbox 179 1667 194 1704; x_wconf 88' lang='lat' dir='ltr'><strong>e</strong></span> <span class='ocrx_word' id='word_1_132' title='bbox 212 1651 336 1704; x_wconf 90' lang='lat' dir='ltr'><strong>dominus</strong></span> <span class='ocrx_word' id='word_1_133' title='bbox 352 1650 429 1719; x_wconf 91' lang='lat' dir='ltr'><strong>pueri</strong></span> <span class='ocrx_word' id='word_1_134' title='bbox 446 1649 552 1719; x_wconf 86' lang='lat' dir='ltr'><strong>pulchri</strong></span> <span class='ocrx_word' id='word_1_135' title='bbox 569 1665 680 1704; x_wconf 87' lang='lat' dir='ltr'><strong>caraeve</strong></span> <span class='ocrx_word' id='word_1_136' title='bbox 698 1651 804 1720; x_wconf 86' lang='lat' dir='ltr'><strong>puellae</strong></span> 
     </span>
    </p>

    <p class='ocr_par' dir='ltr' id='par_1_14' title="bbox 152 1725 998 1943">
     <span class='ocr_line' id='line_1_22' title="bbox 152 1725 998 1794; baseline 0.005 -16"><span class='ocrx_word' id='word_1_137' title='bbox 152 1727 265 1780; x_wconf 90' lang='lat' dir='ltr'><strong>Munere</strong></span> <span class='ocrx_word' id='word_1_138' title='bbox 281 1730 311 1780; x_wconf 91' lang='lat' dir='ltr'><strong>te</strong></span> <span class='ocrx_word' id='word_1_139' title='bbox 328 1742 411 1794; x_wconf 81' lang='lat' dir='ltr'><strong>parvo</strong></span> <span class='ocrx_word' id='word_1_140' title='bbox 427 1725 492 1779; x_wconf 92' lang='lat' dir='ltr'><strong>beet</strong></span> <span class='ocrx_word' id='word_1_141' title='bbox 510 1727 558 1778; x_wconf 88' lang='lat' dir='ltr'><strong>aut</strong></span> <span class='ocrx_word' id='word_1_142' title='bbox 574 1725 760 1780; x_wconf 87' lang='lat' dir='ltr'><strong>incommodus</strong></span> <span class='ocrx_word' id='word_1_143' title='bbox 776 1730 867 1794; x_wconf 83' lang='lat' dir='ltr'><strong>angat</strong></span> <span class='ocrx_word' id='word_1_144' title='bbox 974 1740 998 1782; x_wconf 80' lang='lat' dir='ltr'><strong>rr</strong></span> 
     </span>
     <span class='ocr_line' id='line_1_23' title="bbox 152 1799 985 1870; baseline 0 -16"><span class='ocrx_word' id='word_1_145' title='bbox 152 1801 263 1864; x_wconf 81' lang='lat' dir='ltr'><strong>Qualem</strong></span> <span class='ocrx_word' id='word_1_146' title='bbox 275 1801 448 1854; x_wconf 87' lang='lat' dir='ltr'><strong>commendes</strong></span> <span class='ocrx_word' id='word_1_147' title='bbox 459 1799 543 1854; x_wconf 84' lang='lat' dir='ltr'><strong>etiam</strong></span> <span class='ocrx_word' id='word_1_148' title='bbox 556 1803 638 1869; x_wconf 88' lang='lat' dir='ltr'><strong>atque</strong></span> <span class='ocrx_word' id='word_1_149' title='bbox 650 1801 733 1854; x_wconf 88' lang='lat' dir='ltr'><strong>etiam</strong></span> <span class='ocrx_word' id='word_1_150' title='bbox 745 1801 863 1870; x_wconf 89' lang='lat' dir='ltr'><strong>adspice,</strong></span> <span class='ocrx_word' id='word_1_151' title='bbox 875 1817 910 1856; x_wconf 91' lang='lat' dir='ltr'><strong>ne</strong></span> <span class='ocrx_word' id='word_1_152' title='bbox 921 1817 985 1856; x_wconf 88' lang='lat' dir='ltr'><strong>mox</strong></span> 
     </span>
     <span class='ocr_line' id='line_1_24' title="bbox 152 1875 745 1943; baseline 0 -15"><span class='ocrx_word' id='word_1_153' title='bbox 152 1875 290 1929; x_wconf 86' lang='lat' dir='ltr'><strong>lncutiant</strong></span> <span class='ocrx_word' id='word_1_154' title='bbox 306 1876 394 1929; x_wconf 89' lang='lat' dir='ltr'><strong>aliena</strong></span> <span class='ocrx_word' id='word_1_155' title='bbox 409 1875 461 1929; x_wconf 86' lang='lat' dir='ltr'><strong>tibi</strong></span> <span class='ocrx_word' id='word_1_156' title='bbox 477 1878 589 1942; x_wconf 87' lang='lat' dir='ltr'><strong>peccata</strong></span> <span class='ocrx_word' id='word_1_157' title='bbox 606 1875 745 1943; x_wconf 91' lang='lat' dir='ltr'><strong>pudorem.</strong></span> 
     </span>
    </p>
   </div>
   <div class='ocr_carea' id='block_1_3' title="bbox 53 1949 926 2020">
    <p class='ocr_par' dir='ltr' id='par_1_15' title="bbox 53 1949 926 2020">
     <span class='ocr_line' id='line_1_25' title="bbox 53 1949 926 2020; baseline 0.001 -16"><span class='ocrx_word' id='word_1_158' title='bbox 53 1995 61 2012; x_wconf 83' lang='grc'><strong>,</strong></span> <span class='ocrx_word' id='word_1_159' title='bbox 153 1951 282 2004; x_wconf 84' lang='lat' dir='ltr'><strong>Fallimur</strong></span> <span class='ocrx_word' id='word_1_160' title='bbox 299 1954 328 2004; x_wconf 88' lang='lat' dir='ltr'><strong>et</strong></span> <span class='ocrx_word' id='word_1_161' title='bbox 345 1950 481 2019; x_wconf 88' lang='lat' dir='ltr'><strong>quondam</strong></span> <span class='ocrx_word' id='word_1_162' title='bbox 498 1966 552 2002; x_wconf 92' lang='lat' dir='ltr'><strong>non</strong></span> <span class='ocrx_word' id='word_1_163' title='bbox 570 1949 682 2016; x_wconf 83' lang='lat' dir='ltr'><strong>dignum</strong></span> <span class='ocrx_word' id='word_1_164' title='bbox 699 1951 846 2007; x_wconf 83' lang='lat' dir='ltr'><strong>tradimus:</strong></span> <span class='ocrx_word' id='word_1_165' title='bbox 863 1967 926 2020; x_wconf 83' lang='lat' dir='ltr'><strong>ergo</strong></span> 
     </span>
    </p>
   </div>
   <div class='ocr_carea' id='block_1_4' title="bbox 110 2025 1009 2844">
    <p class='ocr_par' dir='ltr' id='par_1_16' title="bbox 152 2025 882 2094">
     <span class='ocr_line' id='line_1_26' title="bbox 152 2025 882 2094; baseline 0.001 -15"><span class='ocrx_word' id='word_1_166' title='bbox 152 2026 239 2090; x_wconf 64' lang='lat' dir='ltr'><strong>Quem</strong></span> <span class='ocrx_word' id='word_1_167' title='bbox 256 2041 305 2078; x_wconf 84' lang='lat' dir='ltr'><strong>sua</strong></span> <span class='ocrx_word' id='word_1_168' title='bbox 321 2025 400 2092; x_wconf 85' lang='lat' dir='ltr'><strong>culpa</strong></span> <span class='ocrx_word' id='word_1_169' title='bbox 416 2029 524 2093; x_wconf 89' lang='lat' dir='ltr'><strong>premet</strong></span> <span class='ocrx_word' id='word_1_170' title='bbox 541 2025 671 2093; x_wconf 89' lang='lat' dir='ltr'><strong>deceptus</strong></span> <span class='ocrx_word' id='word_1_171' title='bbox 688 2026 785 2080; x_wconf 88' lang='lat' dir='ltr'><strong>omitte</strong></span> <span class='ocrx_word' id='word_1_172' title='bbox 802 2027 882 2094; x_wconf 85' lang='lat' dir='ltr'><strong>tueri,</strong></span> 
     </span>
    </p>

    <p class='ocr_par' dir='ltr' id='par_1_17' title="bbox 151 2099 994 2244">
     <span class='ocr_line' id='line_1_27' title="bbox 151 2099 994 2169; baseline 0.001 -15"><span class='ocrx_word' id='word_1_173' title='bbox 151 2101 192 2154; x_wconf 89' lang='lat' dir='ltr'><strong>Ut</strong></span> <span class='ocrx_word' id='word_1_174' title='bbox 208 2099 317 2169; x_wconf 90' lang='lat' dir='ltr'><strong>penitus</strong></span> <span class='ocrx_word' id='word_1_175' title='bbox 334 2104 436 2166; x_wconf 88' lang='lat' dir='ltr'><strong>notum,</strong></span> <span class='ocrx_word' id='word_1_176' title='bbox 454 2101 477 2151; x_wconf 88' lang='lat' dir='ltr'><strong>si</strong></span> <span class='ocrx_word' id='word_1_177' title='bbox 494 2103 603 2154; x_wconf 88' lang='lat' dir='ltr'><strong>tentent</strong></span> <span class='ocrx_word' id='word_1_178' title='bbox 619 2100 739 2168; x_wconf 89' lang='lat' dir='ltr'><strong>crimina,</strong></span> <span class='ocrx_word' id='word_1_179' title='bbox 758 2117 849 2156; x_wconf 87' lang='lat' dir='ltr'><strong>serves</strong></span> <span class='ocrx_word' id='word_1_180' title='bbox 969 2124 994 2162; x_wconf 72' lang='grc' dir='ltr'><strong><em>ω</em></strong></span> 
     </span>
     <span class='ocr_line' id='line_1_28' title="bbox 152 2174 759 2244; baseline -0.002 -15"><span class='ocrx_word' id='word_1_181' title='bbox 152 2175 314 2243; x_wconf 82' lang='lat' dir='ltr'><strong>&#39;laterisque</strong></span> <span class='ocrx_word' id='word_1_182' title='bbox 331 2177 380 2226; x_wconf 90' lang='lat' dir='ltr'><strong>tuo</strong></span> <span class='ocrx_word' id='word_1_183' title='bbox 397 2174 527 2227; x_wconf 87' lang='lat' dir='ltr'><strong>fidentem</strong></span> <span class='ocrx_word' id='word_1_184' title='bbox 538 2174 695 2243; x_wconf 88' lang='lat' dir='ltr'><strong>praesidio;</strong></span> <span class='ocrx_word' id='word_1_185' title='bbox 711 2176 759 2244; x_wconf 89' lang='lat' dir='ltr'><strong>qui</strong></span> 
     </span>
    </p>

    <p class='ocr_par' dir='ltr' id='par_1_18' title="bbox 152 2247 823 2320">
     <span class='ocr_line' id='line_1_29' title="bbox 152 2247 823 2320; baseline 0 -16"><span class='ocrx_word' id='word_1_186' title='bbox 152 2251 242 2304; x_wconf 90' lang='lat' dir='ltr'><strong>Dente</strong></span> <span class='ocrx_word' id='word_1_187' title='bbox 260 2248 397 2303; x_wconf 80' lang='lat' dir='ltr'><strong>Theonino</strong></span> <span class='ocrx_word' id='word_1_188' title='bbox 414 2265 476 2302; x_wconf 90' lang='lat' dir='ltr'><strong>cum</strong></span> <span class='ocrx_word' id='word_1_189' title='bbox 493 2247 707 2317; x_wconf 87' lang='lat' dir='ltr'><strong>circumreditur,</strong></span> <span class='ocrx_word' id='word_1_190' title='bbox 725 2249 823 2320; x_wconf 87' lang='lat' dir='ltr'><strong>ecquid</strong></span> 
     </span>
    </p>

    <p class='ocr_par' dir='ltr' id='par_1_19' title="bbox 152 2323 810 2395">
     <span class='ocr_line' id='line_1_30' title="bbox 152 2323 810 2395; baseline -0.002 -13"><span class='ocrx_word' id='word_1_191' title='bbox 152 2327 199 2382; x_wconf 87' lang='lat' dir='ltr'><strong>Ad</strong></span> <span class='ocrx_word' id='word_1_192' title='bbox 216 2330 246 2381; x_wconf 89' lang='lat' dir='ltr'><strong>te</strong></span> <span class='ocrx_word' id='word_1_193' title='bbox 263 2331 325 2395; x_wconf 90' lang='lat' dir='ltr'><strong>post</strong></span> <span class='ocrx_word' id='word_1_194' title='bbox 341 2323 422 2394; x_wconf 89' lang='lat' dir='ltr'><strong>paulo</strong></span> <span class='ocrx_word' id='word_1_195' title='bbox 439 2328 555 2378; x_wconf 88' lang='lat' dir='ltr'><strong>ventura</strong></span> <span class='ocrx_word' id='word_1_196' title='bbox 571 2325 693 2394; x_wconf 86' lang='lat' dir='ltr'><strong>pericula</strong></span> <span class='ocrx_word' id='word_1_197' title='bbox 710 2327 810 2390; x_wconf 82' lang='lat' dir='ltr'><strong>sentisl</strong></span> 
     </span>
    </p>

    <p class='ocr_par' dir='ltr' id='par_1_20' title="bbox 150 2399 1009 2698">
     <span class='ocr_line' id='line_1_31' title="bbox 150 2399 1009 2472; baseline -0.007 -11"><span class='ocrx_word' id='word_1_198' title='bbox 150 2403 223 2461; x_wconf 82' lang='lat' dir='ltr'><strong>Nam</strong></span> <span class='ocrx_word' id='word_1_199' title='bbox 240 2405 290 2458; x_wconf 89' lang='lat' dir='ltr'><strong>tua</strong></span> <span class='ocrx_word' id='word_1_200' title='bbox 307 2417 351 2455; x_wconf 88' lang='lat' dir='ltr'><strong>res</strong></span> <span class='ocrx_word' id='word_1_201' title='bbox 368 2401 459 2468; x_wconf 81' lang='lat' dir='ltr'><strong>agitur</strong></span> <span class='ocrx_word' id='word_1_202' title='bbox 475 2401 566 2472; x_wconf 89' lang='lat' dir='ltr'><strong>paries</strong></span> <span class='ocrx_word' id='word_1_203' title='bbox 583 2416 646 2454; x_wconf 82' lang='lat' dir='ltr'><strong>cunr</strong></span> <span class='ocrx_word' id='word_1_204' title='bbox 663 2401 803 2469; x_wconf 88' lang='lat' dir='ltr'><strong>proximus</strong></span> <span class='ocrx_word' id='word_1_205' title='bbox 820 2399 906 2469; x_wconf 71' lang='lat' dir='ltr'><strong>ardet</strong></span> <span class='ocrx_word' id='word_1_206' title='bbox 1006 2467 1009 2472; x_wconf 25' lang='grc' dir='ltr'>Ι</span> 
     </span>
     <span class='ocr_line' id='line_1_32' title="bbox 151 2474 901 2546; baseline -0.001 -15"><span class='ocrx_word' id='word_1_207' title='bbox 151 2478 189 2533; x_wconf 80' lang='lat' dir='ltr'><strong>Et</strong></span> <span class='ocrx_word' id='word_1_208' title='bbox 205 2478 330 2546; x_wconf 81' lang='lat' dir='ltr'><strong>neglecta</strong></span> <span class='ocrx_word' id='word_1_209' title='bbox 347 2476 435 2528; x_wconf 89' lang='lat' dir='ltr'><strong>solent</strong></span> <span class='ocrx_word' id='word_1_210' title='bbox 451 2474 578 2529; x_wconf 88' lang='lat' dir='ltr'><strong>incendia</strong></span> <span class='ocrx_word' id='word_1_211' title='bbox 596 2491 705 2530; x_wconf 88' lang='lat' dir='ltr'><strong>sumere</strong></span> <span class='ocrx_word' id='word_1_212' title='bbox 722 2476 800 2530; x_wconf 86' lang='lat' dir='ltr'><strong>vires.</strong></span> <span class='ocrx_word' id='word_1_213' title='bbox 889 2495 901 2518; x_wconf 89' lang='lat'><strong>·</strong></span> 
     </span>
     <span class='ocr_line' id='line_1_33' title="bbox 152 2549 872 2628; baseline -0.003 -21"><span class='ocrx_word' id='word_1_214' title='bbox 152 2553 246 2608; x_wconf 91' lang='lat' dir='ltr'><strong>Dulcis</strong></span> <span class='ocrx_word' id='word_1_215' title='bbox 263 2551 412 2628; x_wconf 86' lang='lat' dir='ltr'><strong>inexpertis</strong></span> <span class='ocrx_word' id='word_1_216' title='bbox 430 2549 536 2604; x_wconf 87' lang='lat' dir='ltr'><strong>cultura</strong></span> <span class='ocrx_word' id='word_1_217' title='bbox 553 2550 675 2618; x_wconf 89' lang='lat' dir='ltr'><strong>potentis</strong></span> <span class='ocrx_word' id='word_1_218' title='bbox 693 2551 785 2605; x_wconf 88' lang='lat' dir='ltr'><strong>amici:</strong></span> <span class='ocrx_word' id='word_1_219' title='bbox 868 2605 872 2615; x_wconf 61' lang='grc'>,</span> 
     </span>
     <span class='ocr_line' id='line_1_34' title="bbox 152 2625 909 2698; baseline -0.001 -16"><span class='ocrx_word' id='word_1_220' title='bbox 152 2629 289 2698; x_wconf 83' lang='lat' dir='ltr'><strong>Expertus</strong></span> <span class='ocrx_word' id='word_1_221' title='bbox 306 2626 412 2680; x_wconf 88' lang='lat' dir='ltr'><strong>metuit.</strong></span> <span class='ocrx_word' id='word_1_222' title='bbox 447 2625 489 2678; x_wconf 84' lang='lat' dir='ltr'><strong>&#39;lu</strong></span> <span class='ocrx_word' id='word_1_223' title='bbox 506 2625 572 2678; x_wconf 90' lang='lat' dir='ltr'><strong>dum</strong></span> <span class='ocrx_word' id='word_1_224' title='bbox 589 2629 639 2678; x_wconf 86' lang='lat' dir='ltr'><strong>tua</strong></span> <span class='ocrx_word' id='word_1_225' title='bbox 656 2626 732 2679; x_wconf 86' lang='lat' dir='ltr'><strong>navis</strong></span> <span class='ocrx_word' id='word_1_226' title='bbox 750 2628 778 2680; x_wconf 92' lang='lat' dir='ltr'><strong>in</strong></span> <span class='ocrx_word' id='word_1_227' title='bbox 795 2626 851 2686; x_wconf 84' lang='lat' dir='ltr'><strong>alto</strong></span> <span class='ocrx_word' id='word_1_228' title='bbox 868 2630 909 2682; x_wconf 87' lang='lat' dir='ltr'><strong>est</strong></span> 
     </span>
    </p>

    <p class='ocr_par' dir='ltr' id='par_1_21' title="bbox 115 2701 856 2772">
     <span class='ocr_line' id='line_1_35' title="bbox 115 2701 856 2772; baseline 0.004 -20"><span class='ocrx_word' id='word_1_229' title='bbox 115 2743 122 2752; x_wconf 80' lang='lat'><em>.</em></span> <span class='ocrx_word' id='word_1_230' title='bbox 139 2704 214 2766; x_wconf 53' lang='lat' dir='ltr'><strong>,Hoc</strong></span> <span class='ocrx_word' id='word_1_231' title='bbox 230 2711 293 2772; x_wconf 64' lang='lat' dir='ltr'><strong>age}</strong></span> <span class='ocrx_word' id='word_1_232' title='bbox 306 2718 341 2762; x_wconf 83' lang='lat' dir='ltr'><strong>ue</strong></span> <span class='ocrx_word' id='word_1_233' title='bbox 358 2703 464 2756; x_wconf 82' lang='lat' dir='ltr'><strong>mutata</strong></span> <span class='ocrx_word' id='word_1_234' title='bbox 480 2703 630 2757; x_wconf 84' lang='lat' dir='ltr'><strong>retrorsum</strong></span> <span class='ocrx_word' id='word_1_235' title='bbox 648 2704 678 2754; x_wconf 89' lang='lat' dir='ltr'><strong>te</strong></span> <span class='ocrx_word' id='word_1_236' title='bbox 694 2701 766 2754; x_wconf 86' lang='lat' dir='ltr'><strong>ferat</strong></span> <span class='ocrx_word' id='word_1_237' title='bbox 784 2717 856 2755; x_wconf 81' lang='lat' dir='ltr'><strong>aura</strong></span> 
     </span>
    </p>

    <p class='ocr_par' dir='ltr' id='par_1_22' title="bbox 110 2755 809 2844">
     <span class='ocr_line' id='line_1_36' title="bbox 110 2755 809 2844; baseline 0.001 -16"><span class='ocrx_word' id='word_1_238' title='bbox 110 2755 138 2782; x_wconf 60' lang='lat' dir='ltr'><strong>c</strong></span> <span class='ocrx_word' id='word_1_239' title='bbox 152 2777 278 2831; x_wconf 90' lang='lat' dir='ltr'><strong>Oderunt</strong></span> <span class='ocrx_word' id='word_1_240' title='bbox 295 2776 408 2830; x_wconf 87' lang='lat' dir='ltr'><strong>hilarem</strong></span> <span class='ocrx_word' id='word_1_241' title='bbox 424 2775 520 2828; x_wconf 88' lang='lat' dir='ltr'><strong>tristes</strong></span> <span class='ocrx_word' id='word_1_242' title='bbox 537 2774 700 2844; x_wconf 87' lang='lat' dir='ltr'><strong>tristemque</strong></span> <span class='ocrx_word' id='word_1_243' title='bbox 714 2775 809 2844; x_wconf 88' lang='lat' dir='ltr'><strong>jocosi,</strong></span> 
     </span>
    </p>
   </div>
   <div class='ocr_carea' id='block_1_5' title="bbox 152 2849 927 3214">
    <p class='ocr_par' dir='ltr' id='par_1_23' title="bbox 152 2849 835 2978">
     <span class='ocr_line' id='line_1_37' title="bbox 152 2849 835 2918; baseline 0.003 -16"><span class='ocrx_word' id='word_1_244' title='bbox 152 2851 283 2904; x_wconf 83' lang='lat' dir='ltr'><strong>Sedatum</strong></span> <span class='ocrx_word' id='word_1_245' title='bbox 300 2850 407 2914; x_wconf 90' lang='lat' dir='ltr'><strong>celeres,</strong></span> <span class='ocrx_word' id='word_1_246' title='bbox 425 2849 523 2917; x_wconf 84' lang='lat' dir='ltr'><strong>agilem</strong></span> <span class='ocrx_word' id='word_1_247' title='bbox 540 2865 696 2918; x_wconf 87' lang='lat' dir='ltr'><strong>navumque</strong></span> <span class='ocrx_word' id='word_1_248' title='bbox 713 2851 835 2916; x_wconf 86' lang='lat' dir='ltr'><strong>remissi;</strong></span> 
     </span>
     <span class='ocr_line' id='line_1_38' title="bbox 153 2922 754 2978; baseline 0.007 -4"><span class='ocrx_word' id='word_1_249' title='bbox 153 2922 266 2978; x_wconf 86' lang='lat' dir='ltr'><strong>Potores</strong></span> <span class='ocrx_word' id='word_1_250' title='bbox 283 2923 370 2977; x_wconf 93' lang='lat' dir='ltr'><strong>bibuli</strong></span> <span class='ocrx_word' id='word_1_251' title='bbox 387 2923 478 2977; x_wconf 87' lang='lat' dir='ltr'><strong>media</strong></span> <span class='ocrx_word' id='word_1_252' title='bbox 495 2922 531 2977; x_wconf 90' lang='lat' dir='ltr'><strong>de</strong></span> <span class='ocrx_word' id='word_1_253' title='bbox 547 2927 627 2977; x_wconf 85' lang='lat' dir='ltr'><strong>noete</strong></span> <span class='ocrx_word' id='word_1_254' title='bbox 646 2924 754 2978; x_wconf 82' lang='lat' dir='ltr'><strong>Falerni</strong></span> 
     </span>
    </p>

    <p class='ocr_par' dir='ltr' id='par_1_24' title="bbox 153 2997 927 3214">
     <span class='ocr_line' id='line_1_39' title="bbox 153 2997 844 3068; baseline 0.01 -22"><span class='ocrx_word' id='word_1_255' title='bbox 153 2997 279 3050; x_wconf 78' lang='lat' dir='ltr'><strong>Oderunt</strong></span> <span class='ocrx_word' id='word_1_256' title='bbox 296 3000 421 3064; x_wconf 85' lang='lat' dir='ltr'><strong>porrecta</strong></span> <span class='ocrx_word' id='word_1_257' title='bbox 437 3001 583 3065; x_wconf 82' lang='lat' dir='ltr'><strong>negantem</strong></span> <span class='ocrx_word' id='word_1_258' title='bbox 600 2999 704 3067; x_wconf 87' lang='lat' dir='ltr'><strong>poeula,</strong></span> <span class='ocrx_word' id='word_1_259' title='bbox 722 2999 844 3068; x_wconf 85' lang='lat' dir='ltr'><strong>quamvis</strong></span> 
     </span>
     <span class='ocr_line' id='line_1_40' title="bbox 155 3063 927 3140; baseline 0.012 -22"><span class='ocrx_word' id='word_1_260' title='bbox 155 3063 307 3120; x_wconf 80' lang='lat' dir='ltr'><strong>Nocturnes</strong></span> <span class='ocrx_word' id='word_1_261' title='bbox 320 3069 399 3136; x_wconf 86' lang='lat' dir='ltr'><strong>jures</strong></span> <span class='ocrx_word' id='word_1_262' title='bbox 416 3075 446 3123; x_wconf 89' lang='lat' dir='ltr'><strong>te</strong></span> <span class='ocrx_word' id='word_1_263' title='bbox 462 3071 610 3124; x_wconf 83' lang='lat' dir='ltr'><strong>formidare</strong></span> <span class='ocrx_word' id='word_1_264' title='bbox 628 3089 749 3140; x_wconf 74' lang='lat' dir='ltr'><strong>vapores,</strong></span> <span class='ocrx_word' id='word_1_265' title='bbox 841 3131 845 3137; x_wconf 66' lang='grc'><em>,</em></span> <span class='ocrx_word' id='word_1_266' title='bbox 925 3120 927 3126; x_wconf 71' lang='grc'>,</span> 
     </span>
     <span class='ocr_line' id='line_1_41' title="bbox 157 3133 920 3214; baseline 0.016 -22"><span class='ocrx_word' id='word_1_267' title='bbox 157 3133 241 3193; x_wconf 85' lang='lat' dir='ltr'><strong>Deme</strong></span> <span class='ocrx_word' id='word_1_268' title='bbox 258 3144 400 3208; x_wconf 83' lang='lat' dir='ltr'><strong>supercilio</strong></span> <span class='ocrx_word' id='word_1_269' title='bbox 417 3144 533 3209; x_wconf 81' lang='lat' dir='ltr'><strong>nubem3</strong></span> <span class='ocrx_word' id='word_1_270' title='bbox 550 3145 711 3214; x_wconf 88' lang='lat' dir='ltr'><strong>plerumque</strong></span> <span class='ocrx_word' id='word_1_271' title='bbox 728 3148 869 3203; x_wconf 85' lang='lat' dir='ltr'><strong>modestus</strong></span> <span class='ocrx_word' id='word_1_272' title='bbox 917 3166 920 3170; x_wconf 90' lang='lat'>·</span> 
     </span>
    </p>
   </div>
   <div class='ocr_carea' id='block_1_6' title="bbox 0 0 1090 3420">
    <p class='ocr_par' dir='ltr' id='par_1_25' title="bbox 0 0 1090 3420">
     <span class='ocr_line' id='line_1_42' title="bbox 0 0 1090 3420; baseline 0 0"><span class='ocrx_word' id='word_1_273' title='bbox 0 0 1090 3420; x_wconf 95' lang='lat' dir='ltr'><strong> </strong></span> 
     </span>
    </p>
   </div>
  </div>
 </body>
</html>
