2126 3410
345 113 548 163 OARMINUM
564 114 618 164 ΠΙ.
637 115 674 164 lt·

148 207 152 214 ·
225 195 283 250 Neo
299 193 349 248 flos
366 211 520 264 purpureus
537 211 615 248 rosae
750 229 754 237 ·
913 207 935 252 lt

250 269 318 322 uec
335 269 393 336 poti
410 270 530 324 vetulam
547 269 622 323 foece
641 271 720 324 tenus
737 269 804 325 cedi.

471 412 551 466 XVI.

225 491 369 548 lucrosum
388 493 501 548 Duneiin
518 495 603 548 turris
621 493 705 564 aeneo

226 567 419 636 Robustaeque
437 570 508 622 fores
526 572 555 622 et
573 569 683 636 vigilum
700 582 798 624 cenum

225 641 327 702 Tristes
345 643 475 698 excubiae
493 644 648 699 munierunt
665 643 731 698 setis

259 716 407 773 Nocturnis
424 717 459 770 eb
477 718 616 784 adidteris,

226 789 255 846 si
272 807 324 844 non
343 793 481 845 Acrisium
498 792 610 860 virginis
626 792 738 846 abditae
826 854 828 862 Ι

227 865 374 920 Custodem
391 867 519 934 pavidum
537 867 667 935 Juppiter
684 871 714 922 et
730 867 825 921 Venus

227 939 369 1008 Risisseut,
387 943 445 996 fore
463 942 535 996 enim
553 945 644 996 tutum
659 943 714 998 iter
731 946 760 998 et
776 945 873 1011 petens

205 1041 211 1048 Δ
261 1015 396 1069 converso
412 1016 440 1070 in
458 1018 577 1085 pretium
595 1017 654 1070 deo.

227 1089 334 1143 Auium
351 1108 401 1159 per
418 1091 523 1146 medios
539 1092 581 1144 ire
598 1090 730 1146 satellites
762 1099 765 1106 ’

227 1164 264 1218 llt
280 1181 457 1234 perrumpere
474 1169 549 1220 amat
566 1182 631 1220 sexa
647 1165 788 1234 potentius
913 1177 935 1218 ro

107 1265 113 1296 -,
225 1234 290 1292 Ictu
307 1239 449 1294 fulmineo:
467 1240 585 1294 concidit
602 1241 713 1308 auguris
790 1255 794 1268 ·

211 1341 217 1358 x
262 1315 357 1382 Argivi
375 1315 471 1370 domus
488 1315 524 1368 ob
541 1315 646 1368 lucrum

227 1387 360 1454 Demersa
377 1390 475 1454 exitio;
493 1390 593 1444 diffidit
610 1390 718 1444 urbium

228 1461 325 1516 Portas
341 1464 383 1516 vir
401 1464 516 1518 Macedo
533 1469 563 1518 et
581 1463 688 1518 subruit
704 1465 824 1520 aemulos

228 1535 319 1604 Reges
334 1539 505 1604 muneribus;
522 1555 635 1592 munere
651 1539 760 1594 navium
787 1597 791 1604 ,
915 1553 937 1594 1⁵

261 1611 362 1665 Saevos
379 1613 527 1682 illaqueent
544 1610 634 1668 duces.

228 1685 402 1742 Crescentem
420 1689 543 1757 sequitur
560 1705 626 1742 cure
642 1690 785 1758 poemiam

118 1765 121 1769 “
228 1760 419 1831 Majorumque
438 1764 531 1818 fumes.
565 1764 635 1818 dure
652 1765 794 1832 perhorrui

228 1834 296 1890 Lete
313 1838 486 1906 conspicuum
504 1839 600 1892 tollere
617 1839 755 1905 verticem,
788 1853 791 1860 ·

230 1947 233 1954 ,
261 1911 411 1978 Maecenas,
429 1912 552 1980 equitum
571 1913 661 1968 decus.
912 1927 936 1966 ro

108 2015 123 2042 μ
228 1983 335 2048 Quanto
353 1981 469 2054 quisque
487 1987 539 2040 sibi
556 1987 635 2055 plura
651 1989 799 2057 negaverit,

228 2059 273 2114 Ab
289 2060 334 2124 ,dis
350 2061 429 2128 plura
445 2061 531 2116 feret:
549 2062 587 2114 nil
605 2063 773 2130 cupientium

227 2133 324 2188 Nudus
342 2139 431 2188 cestre
448 2139 512 2202 peto
530 2139 559 2189 et
576 2136 718 2204 transfuga
735 2137 850 2190 divitum

261 2208 358 2263 Partes
375 2210 498 2277 linquere
516 2211 611 2278 gestio,

227 2281 406 2352 contemptae
423 2284 547 2338 dominus
565 2283 731 2352 splendidior
748 2291 797 2352 ret,
913 2301 935 2340 rr

227 2347 313 2420 Quu‘m
332 2359 354 2420 si
372 2358 507 2428 quidquid
524 2363 585 2412 eret
601 2359 716 2427 impiger
734 2360 841 2427 Apulus

227 2429 372 2489 Occultsre
388 2432 456 2486 meis
474 2433 580 2486 dicerer
596 2433 709 2501 horreis,

259 2505 373 2574 Magnas
390 2507 463 2560 inter
481 2523 546 2575 opes
563 2507 648 2574 inops.

227 2577 316 2650 Puree
334 2581 407 2633 rivus
425 2595 512 2649 equae
531 2582 652 2650 silvaque
666 2581 802 2650 jugerum,

227 2651 379 2710 Paucorum
397 2659 426 2708 et
443 2657 545 2723 segetis
562 2656 725 2710 certefides
742 2670 819 2710 mese
909 2671 932 2710 eo

226 2725 386 2796 Fulgentem
403 2729 518 2796 imperio
535 2731 633 2786 fertilis
651 2730 761 2785 Africae
789 2781 791 2788 ,

258 2801 342 2856 Fallit
359 2808 433 2856 sorte
451 2803 564 2862 beatior.
674 2819 676 2827 ·

224 2873 392 2944 Qumnquam
410 2893 459 2930 nec
478 2878 610 2932 Calabrae
626 2877 708 2932 melle
724 2877 816 2942 ferum
833 2893 898 2946 apes

119 3009 123 3014 ,
223 2948 283 3004 Nec
301 2950 493 3018 Laestrygonia
511 2953 633 3006 Bacchus
650 2952 678 3002 in
695 2951 824 3017 amphora

223 3021 387 3090 Irengucscit
404 3025 471 3076 mihi
489 3041 538 3084 nec
554 3023 665 3090 pinguia
682 3023 799 3082 Gallicis,
907 3037 930 3078 su

259 3097 392 3154 Crescunt
409 3097 509 3173 vellere
527 3097 640 3172 pesculo,
714 3143 716 3150 ,
