2126 3410
111 3219 130 3266 7

336 171 541 221 CARMINUM
557 171 608 222 IV.
626 174 651 221 6.
890 171 922 220 75

205 247 366 304 Laudentur
383 249 464 304 simili
481 250 558 319 prole
575 267 734 320 puerperae,

239 325 354 393 Culpam
371 341 459 392 poena
475 325 576 392 premit
594 342 691 380 eomes.

205 399 271 463 Quis
281 399 415 454 Parthum
423 403 528 467 pareat,
538 400 600 468 quis
608 401 730 468 gelidum
743 401 872 470 Scythen,
894 415 921 456 eo

205 473 272 537 Quis
289 473 436 528 Germania
454 490 522 542 quos
538 474 650 528 horrida
667 479 786 546 parturit

204 546 296 615 Fetus,
314 548 443 602 incolumi
460 549 596 604 caesarei
614 550 676 618 quis
692 551 767 604 ferae

237 623 347 677 Bellum
363 626 441 677 curet
459 623 609 678 Hiberisei

205 696 304 752 Condit
321 697 437 766 quisque
455 697 528 752 diem
545 699 659 752 collibus
675 699 704 752 in
722 700 778 754 suis

203 771 242 826 Et
257 772 342 826 vitem
358 772 455 826 viduos
472 772 549 826 ducit
565 774 602 827 sd
619 774 747 839 arbores;
890 791 915 833 eo

196 845 277 902 ‚Hinc
293 846 330 900 ad
346 847 409 900 vino
425 845 501 901 'redit
513 847 606 902 *laetus
623 851 653 902 et
670 849 764 903 alteris
787 841 795 854 '

237 921 275 976 'Pe
292 921 392 980 mensis
409 921 524 978 adhibet
540 922 639 988 deum3

203 995 242 1050 Te
257 996 344 1050 multe
361 1013 449 1065 prece,
467 1000 497 1051 te
513 999 688 1066 prosequitur
704 1015 779 1053 mero

203 1070 307 1124 Defuso
323 1072 426 1139 pateris
444 1075 474 1125 et
491 1071 607 1125 Laribus
623 1076 702 1126 tuum

202 1145 301 1198 Miscet
317 1161 425 1214 numen,
443 1146 485 1199 uti
504 1147 624 1213 Graecia,
644 1148 765 1202 Castoris
895 1163 917 1202 rs

236 1220 382 1288 Etmogni
399 1237 503 1274 memor
522 1221 656 1274 Herculis.

201 1293 308 1362 Longus
324 1311 341 1348 o
358 1295 471 1362 utinam,
489 1295 547 1349 dux
563 1295 640 1364 bono,
657 1297 740 1350 feries

201 1368 328 1423 Praestes
346 1369 512 1439 Hesperiae!
532 1369 648 1424 dicimus
665 1372 771 1439 integro

200 1442 270 1496 Sicci
287 1460 366 1498 mone
384 1445 437 1512 die,
456 1445 571 1498 dicimus
588 1447 663 1500 uvidi

235 1517 304 1572 Cum
321 1518 368 1573 Sol
386 1518 493 1582 Oceano
510 1520 613 1574 subest.

464 1659 516 1714 VI.

200 1739 283 1808 owe,
301 1757 383 1810 quem
400 1741 490 1810 proles
508 1742 613 1795 Niobes
629 1756 743 1810 magnae

199 1815 343 1870 Vindicem
360 1817 469 1884 linguae
487 1816 633 1884 Tityosque
650 1820 744 1884 raptor

201 1889 293 1948 Sensit
309 1894 339 1944 et
358 1890 454 1960 Trojee
472 1907 557 1960 prope
574 1891 661 1944 victor
677 1891 748 1944 altae

235 1965 350 2018 Phthius
369 1965 498 2032 Achilles,

200 2037 305 2092 Ceteris
321 2038 416 2106 major,
434 2039 486 2092 tibi
503 2039 582 2093 miles
599 2039 694 2107 impar,
894 2052 908 2096 t

200 2110 285 2166 Filius
302 2113 425 2181 quamvis
443 2113 566 2166 Thetidis
583 2115 703 2168 morinco

200 2185 341 2240 Dardanas
357 2191 448 2242 turres
460 2191 587 2256 quateret
604 2188 747 2242 tremenda

235 2261 355 2330 Cuspide
372 2278 489 2330 pugnax.

202 2335 261 2404 Ille,
278 2337 399 2392 mordaci
416 2339 491 2392 velut
508 2340 563 2391 icta
580 2337 653 2392 ferro

198 2409 281 2464 Pinus
298 2415 346 2465 aut
363 2413 478 2480 impulsa
495 2428 637 2480 cupressus
656 2413 736 2479 Euro,
885 2428 907 2468 lo

7 2485 8 2572 i
83 2517 87 2520 -
199 2485 321 2539 Procidit
337 2486 393 2540 lete
410 2486 555 2554 posuitque
572 2487 670 2540 collum
687 2487 715 2540 iu

234 2559 349 2613 Pulvere
367 2561 476 2614 Teucro.

198 2631 250 2688 Ille
266 2649 320 2688 non
337 2635 454 2688 inclusus
472 2651 543 2704 equo
560 2635 701 2690 Minervae

197 2708 279 2762 Sacra
296 2710 411 2763 mentito
428 2711 499 2764 mole
516 2712 628 2765 feriatos

196 2781 280 2838 Troes
297 2787 326 2836 et
342 2785 442 2838 loetum
461 2785 563 2839 Priami
579 2785 683 2839 choreis
881 2797 904 2840 15

230 2857 350 2912 Falleret
366 2859 471 2924 aulam3

196 2931 252 2986 Sed
268 2933 357 3000 pelam
375 2933 461 3001 ceptis
477 2934 574 3001 gravis,
592 2933 646 2986 heu
662 2930 739 2986 nefas
755 2931 817 3001 heu,

195 3006 222 3060 N
224 3007 310 3060 escios
326 3007 379 3060 fari
395 3024 496 3076 pueros
514 3008 625 3060 Achivis

195 3081 298 3146 Ureret
314 3081 437 3146 flammis,
456 3081 538 3133 etiam
555 3080 700 3132 latentem

229 3155 328 3208 reatris
344 3155 374 3206 in
394 3155 461 3220 alvo,
862 3164 903 3202 -so
