2126 3410
17 83 24 246 l

367 163 584 212 samarium
601 163 621 212 1.
642 165 664 214 5.
893 169 939 222 119

17 249 24 273 ⁸
97 235 182 308 Oqui
201 240 357 310 ooniplexus
374 249 403 296 et
420 243 520 310 gaudia
537 245 639 312 quanta
656 242 783 300 sueruntl

17 1035 21 1250 l

95 311 138 366 Nil
157 331 209 381 ego
227 316 388 370 contulerim
402 317 524 385 jucundo
543 333 624 372 sanus
641 319 736 372 amico.
782 345 787 358 =

95 385 221 442 Proxima
239 391 377 460 Campano
394 395 471 461 ponti
489 410 558 462 quae
576 393 675 460 villula,
693 397 797 448 tectum
916 405 939 444 4⁵

95 461 232 532 Praebuit,
250 470 280 520 et
296 467 406 536 parochi
424 465 493 536 quae
510 468 613 522 debent
630 468 704 537 ligna
720 469 867 540 salemque.

96 535 167 592 Hinc
183 541 250 594 muli
268 541 378 611 Capuae
395 543 510 598 clitellas
527 550 651 613 tempore
668 549 782 612 ponuat.

97 612 196 668 tusum
213 616 237 670 it
254 617 405 686 Maecenas,
424 619 572 674 dormitum
589 636 640 687 ego
658 619 858 688 Virgilirrsque3

95 687 219 760 Namque
236 693 291 760 pila
307 693 388 762 lippis
405 695 542 749 inimicum
559 699 589 750 et
606 696 702 749 ludere
720 697 818 752 crudis.

94 763 166 820 Hinc
183 782 233 820 nos
251 767 356 822 Oooceii
374 771 471 839 recipit
488 767 643 838 plenissima
659 761 723 824 villa
918 790 941 831 aa

95 839 170 904 Quae
188 847 331 911 superest
350 845 437 900 (laudi
454 862 597 916 cauponas.
632 846 712 900 Nunc
730 846 796 900 mihi
813 849 906 918 paucis
992 905 996 915 ,

95 915 230 971 Sarmenti
249 935 358 974 scurrae
375 921 491 989 pugnam
511 921 651 990 Messique
669 921 792 990 Oicirrhi,

95 989 181 1060 Musa,
199 993 281 1048 velim
298 1012 440 1064 memores,
457 1002 487 1050 et
504 1013 558 1065 quo
570 1001 655 1066 patre
672 1001 753 1050 uatus
771 1002 887 1068 uterque

95 1066 248 1124 Contulerit
264 1070 334 1126 lites.
368 1071 452 1126 Messi
470 1073 571 1126 clarum
588 1089 673 1140 genus
691 1072 753 1126 Osci
762 1095 769 1139 ;

93 1141 230 1197 Sarmenti
248 1145 357 1200 domina
374 1151 479 1201 exstat:
496 1147 530 1200 ab
548 1148 590 1200 his
607 1147 754 1215 majoribus
772 1149 825 1203 orti
919 1170 937 1203 a

94 1217 140 1271 Ad
157 1235 277 1287 pugnam
294 1237 399 1276 venere.
435 1223 512 1279 Prior
530 1223 703 1278 Sarmentus:
722 1225 813 1294 “Equi
829 1229 860 1280 be

94 1291 160 1347 Esse
178 1295 230 1348 feri
248 1297 363 1350 similem
380 1297 461 1351 dico.”
497 1297 629 1352 Ridemus
646 1303 675 1352 et
692 1299 750 1366 ipse

94 1367 213 1424 Messius
230 1373 389 1441 “Accipio’'
408 1376 487 1440 caput
505 1378 534 1430 et
551 1377 647 1427 movet.
683 1375 738 1442 “0,
756 1378 804 1428 tua
821 1390 905 1431 cornu

93 1443 130 1497 Ni
147 1445 220 1500 foret
237 1452 346 1502 exsecto
364 1448 458 1514 frons,”
475 1448 572 1516 inquit,
589 1448 676 1517 “quid
692 1449 802 1517 faceres,
820 1467 882 1506 cum

93 1519 137 1574 Sic
154 1522 267 1575 mutilus
285 1523 417 1576 miniteris
426 1523 450 1577 l’'
487 1525 528 1576 At
544 1523 584 1576 illi
601 1523 681 1577 foeda
700 1526 809 1580 cicatrix
919 1543 939 1581 so

94 1595 217 1650 Setosam
235 1598 304 1651 laevi
320 1598 437 1652 frontem
453 1602 612 1668 tarpsarerat
629 1600 690 1654 oris.
794 1648 797 1652 .

93 1671 261 1746 Campanum
278 1673 306 1726 in
324 1673 456 1742 morbum,
473 1675 501 1727 in
518 1675 615 1728 faciem
632 1675 768 1743 permulta
780 1675 895 1745 jocatus,

94 1746 238 1802 Pastorem
256 1749 369 1804 saltaret
386 1751 428 1803 uti
447 1750 564 1818 Cyclopa
580 1751 710 1818 rogabat:
831 1757 836 1764 '

93 1821 140 1876 Nil
157 1823 198 1878 illi
216 1824 290 1878 larva
308 1827 355 1878 aut
373 1825 484 1894 tragicis
502 1841 570 1894 opus
587 1841 647 1878 esse
664 1826 810 1894 cothurnis.

92 1897 183 1952 Multa
201 1899 339 1953 Cicirrhus
356 1901 392 1954 ad
409 1901 493 1955 haec:
511 1899 646 1954 Douasset
659 1901 753 1968 jamne
770 1906 893 1958 catenam
914 1921 937 1960 aa

93 1974 134 2027 Ex
152 1977 217 2028 voto
235 1975 357 2044 Laribus
375 1975 539 2044 quaerebat3
557 1976 645 2029 scriba
663 1975 736 2045 quod
756 1984 837 2048 esset,

92 2049 186 2103 Nihilo
204 2049 326 2104 deterius
343 2051 468 2105 dominae
482 2050 529 2118 jus
546 2067 613 2105 osse.
648 2050 789 2118 Rogabat·

17 2129 18 2132 ’
93 2124 219 2194 Denique
236 2142 285 2179 cur
301 2142 420 2194 uuquam
437 2126 559 2194 fugisset,
576 2126 620 2179 cui
637 2127 703 2179 satis
720 2143 775 2180 uua

93 2200 185 2254 Farris
203 2201 272 2254 libra
289 2201 360 2255 foret
379 2201 473 2269 gracili
490 2201 528 2254 sio
545 2205 656 2270 tamque
673 2202 777 2270 pusillo.
1014 2261 1017 2268 ,

93 2275 209 2330 Prorsus
223 2276 345 2344 jucunde
362 2291 473 2330 coenam
490 2276 667 2344 produximus
685 2277 766 2330 illam.
908 2293 932 2332 ro

92 2352 241 2422 Tendimus
258 2351 322 2405 hino
339 2356 416 2406 recta
434 2351 628 2418 Beneventmn,
646 2352 694 2405 ubi
713 2352 823 2406 sedulus
839 2353 937 2424 hospes

94 2427 183 2482 Paene
198 2443 302 2482 nraeros
320 2429 387 2481 arsit
405 2427 470 2480 dmn
488 2427 583 2480 turdos
600 2433 692 2481 versat
709 2429 736 2480 iu
754 2429 827 2496 igni3

92 2503 164 2556 Nam
182 2519 250 2571 vaga
266 2515 316 2571 per
332 2508 455 2557 veterem
472 2501 575 2570 dilapso
593 2503 701 2556 flamma
718 2504 833 2558 culinam

92 2578 216 2632 Vulcano
233 2595 365 2632 summum
383 2578 547 2646 properabat
564 2577 685 2632 lambere
702 2583 812 2635 tectum.

93 2654 225 2707 Convivas
241 2654 335 2707 aridos
351 2670 461 2708 caenam
479 2669 623 2722 servosque
640 2655 771 2708 timentes
913 2667 937 2709 75

92 2729 161 2784 [lum
178 2745 283 2799 rapere,
300 2732 383 2798 atqua
400 2745 492 2783 omnes
509 2730 679 2797 restinguere
696 2729 766 2782 velle
782 2727 895 2783 rideres.

94 2805 194 2874 Incipit
212 2821 246 2858 ex
263 2805 310 2858 illo
327 2811 432 2858 montes
454 2805 553 2874 Apulia
570 2809 649 2858 notos

94 2881 239 2934 Ostentare
256 2879 330 2946 mihi,
349 2898 416 2948 quos
434 2885 521 2934 torret
542 2879 676 2934 Atabulus
694 2883 723 2934 et
741 2893 808 2948 quos

94 2955 239 3026 Nunquam
258 2972 413 3024 erepsemus
430 2957 482 3008 nisi
500 2972 548 3008 nos
565 2957 653 3009 vicina
669 2955 765 3009 Trivici

94 3029 165 3084 Villa
181 3031 336 3099 recepisset,
354 3031 493 3084 lacrimoso
510 3047 564 3082 non
582 3033 638 3082 siue
655 3031 737 3095 fumo,
918 3037 940 3074 ⁸⁰

94 3105 169 3160 Ueios
186 3120 252 3160 oum
266 3106 337 3158 loliis
354 3120 442 3158 ramos
459 3109 555 3157 urente
572 3105 683 3156 camino.

94 3181 147 3237 liic
164 3197 215 3252 ago
232 3181 391 3258 mendacem
409 3177 687 3245 stultissimuausque
704 3174 822 3245 puellam
