2144 3420
373 183 588 236 SATIRARUM
603 185 641 235 ΙΙ.
661 187 682 235 3.
903 183 948 231 lll

1 307 2 362 q
91 259 185 327 Quod
201 260 273 317 latus
290 268 338 318 aut
355 281 434 319 renes
449 267 547 319 morbo
564 270 706 320 tentantur
722 267 808 320 acuta

88 336 163 390 Non
183 342 227 390 est
242 338 367 406 perjurus
384 357 474 408 neque
491 341 631 406 sordidum
648 342 769 394 immolet
786 339 880 409 aequis

90 411 155 464 Hie
174 429 284 480 porcum
305 415 435 486 Laribus:
452 433 547 468 verum
564 417 723 470 ambitiosus
741 420 770 470 et
787 417 890 482 audax;
912 431 944 471 ree

88 487 221 554 Naviget
240 489 405 555 Anticpram.
442 490 514 553 Quid
533 492 603 544 enirn
622 493 714 546 differt
732 492 895 546 barathrone

1 586 2 634 ι
89 561 194 614 Dones
212 563 346 631 quidquid
364 565 448 618 habes
465 582 499 618 an
517 583 655 634 uunquam
672 571 752 620 utare
768 569 890 635 paratis?

1 637 2 672 l
89 636 211 690 Servius
230 637 363 705 Oppidius
382 639 482 693 Oanusi
501 641 555 694 due
573 639 691 709 praedia,
710 642 786 696 dives

89 712 228 779 Antiqua
242 729 331 780 censu,
350 715 439 782 gnatis
457 715 556 768 divisse
575 716 680 770 duobus
736 743 740 750 ·
781 721 795 741 '⁸

87 785 202 840 Fertur
219 790 248 840 et
265 787 315 841 hcc
332 789 449 842 moriens
467 791 558 857 pueris
577 791 678 844 dixisse
696 785 797 846 vacatis
914 808 946 849 iu
1036 821 1040 829 ·

87 860 142 914 Ad
162 861 277 916 lectuna:
297 863 444 931 Postquam
461 867 490 917 te
508 865 584 932 talos,
604 865 682 932 Aule,
700 883 837 938 nucesque

88 935 185 989 Ferre
202 937 262 990 sinu
279 937 348 1006 laxo,
369 939 470 992 donare
487 944 517 993 et
534 940 630 994 ludere
646 941 710 1009 vidi,

87 1011 140 1079 Te,
161 1011 261 1079 Tiberi,
278 1029 428 1081 numerare,
446 1015 517 1068 cavis
535 1015 702 1070 abscondere
719 1018 842 1084 tristem
923 1079 926 1086 ¹

86 1086 221 1140 Extimni
239 1104 274 1140 ne
291 1103 338 1141 vos
355 1093 449 1156 ageret
466 1090 575 1143 vesania
594 1089 705 1160 discors,

86 1162 134 1215 'ru
153 1162 183 1215 N
185 1165 364 1230 emeritanam,
377 1169 408 1216 tu
425 1181 460 1217 ne
479 1181 624 1233 sequerere
643 1166 772 1223 Cicutam.
910 1182 944 1223 ιιι

86 1237 189 1300 Quare
205 1254 255 1306 per
273 1238 349 1290 dives
367 1242 460 1292 oratus
478 1243 595 1307 uterque
614 1240 738 1302 Paratae,

85 1311 134 1366 Tu
152 1329 220 1366 care
237 1329 271 1365 ne
288 1313 401 1380 minuas,
418 1317 450 1367 tu
467 1331 502 1367 ne
519 1315 608 1382 majus
625 1317 707 1370 facias
725 1316 755 1369 id

85 1386 177 1452 Quod
194 1388 259 1440 satis
277 1404 336 1440 esse
354 1393 434 1456 putat
452 1395 532 1458 pater
549 1395 578 1444 et
595 1395 693 1454 natura
710 1395 822 1446 coercet

83 1461 249 1526 Praeterea.
261 1479 297 1516 ne
314 1480 361 1516 ros
380 1464 474 1518 titillet
494 1465 587 1518 Gloria
600 1465 665 1533 jure

82 1537 220 1592 durando
238 1537 403 1606 obstringam
421 1539 515 1593 ambo:
534 1543 597 1593 uter
613 1540 709 1594 aedilis
726 1540 842 1596 fueritve
875 1587 878 1594 ,
908 1558 941 1597 ree

83 1615 227 1667 Vestnrm
244 1617 361 1681 praetor,
379 1615 403 1666 is
421 1614 584 1668 intestabilis
602 1621 630 1670 et
648 1632 724 1669 sacer
741 1619 807 1671 este.

82 1689 124 1743 In
143 1689 233 1742 eicere
252 1691 336 1756 atque
353 1689 416 1742 faba
433 1689 503 1744 bona
516 1693 553 1744 -tu
570 1691 723 1760 perdasque
741 1691 846 1762 lupinis,

81 1767 182 1820 Latus
198 1767 230 1816 ut
247 1763 275 1816 in
295 1763 372 1817 Circe
391 1764 509 1832 spatiere
527 1770 556 1820 et
574 1773 674 1820 aeneus
691 1772 723 1820 ut
741 1771 803 1836 stes,

79 1839 194 1893 Nudus
211 1838 288 1906 agris
306 1839 397 1892 nudus
414 1841 538 1908 nummis,
557 1841 658 1910 insane,
676 1844 812 1910 paternis;

80 1915 203 1979 Scilicet
220 1917 257 1966 ut
269 1913 378 1982 plausus
396 1931 464 1983 ques
481 1916 535 1969 fert
554 1916 677 1987 Agrippa
694 1917 765 1971 feras
781 1922 820 1985 tu,
907 1933 940 1975 res

79 1991 200 2046 Astuta
216 1989 362 2056 ingenuum
380 1990 474 2058 uulpes
491 1991 599 2046 inritata
615 1993 727 2047 leonem.

78 2066 149 2118 ‘Ne
170 2063 231 2132 quis
249 2064 374 2119 humasse
391 2065 458 2118 velit
477 2067 599 2136 Ajacem,
617 2067 724 2137 Atrida,
742 2071 817 2123 vetas
834 2071 909 2126 curt*
957 2111 959 2114 -

78 2141 170 2194 ‘Rex
189 2139 262 2192 snm?
292 2139 353 2194 ‘Nil
372 2141 445 2194 ultra
461 2159 563 2210 quaero
579 2141 715 2212 plebeius?
745 2145 797 2200 ‘Et
814 2163 927 2215 aequam

78 2217 163 2270 Rem
182 2214 325 2283 imperite,
341 2231 373 2269 ac
390 2216 412 2268 si
430 2217 473 2270 cui
491 2217 585 2270 videor
601 2235 654 2271 non
667 2217 766 2287 justus,
783 2221 870 2276 inulte

76 2293 192 2346 Dicere
208 2291 283 2359 qued
300 2292 384 2345 sentit
401 2292 545 2360 permitto!
580 2293 715 2348 ‘Maxime
732 2312 835 2363 regum,
905 2314 938 2353 ree

76 2369 124 2422 Di
142 2363 199 2420 tibi
216 2366 285 2420 dent
302 2369 381 2434 capta
397 2367 510 2420 classem
528 2367 664 2422 deducere
682 2369 777 2436 Trojai

76 2444 165 2510 Ergo
183 2441 322 2494 consulere
340 2445 369 2494 et
386 2458 449 2494 mox
466 2443 631 2511 respendere
649 2444 768 2499 licebitl'

76 2517 238 2572 ‘Consule'
269 2517 340 2570 ‘Gur
358 2516 439 2584 Ajax,
457 2517 537 2570 heros
554 2518 589 2571 ab
608 2519 714 2574 Achille
733 2521 874 2592 secundus,

78 2591 217 2652 Puteeeit
233 2592 316 2648 toties
335 2592 451 2645 servatis
468 2593 556 2646 clarus
575 2594 692 2660 Achivis,

76 2665 219 2724 Gaudeat
235 2671 268 2721 ut
285 2667 399 2736 populus
418 2667 518 2720 Priami
537 2668 715 2737 Priamusque
732 2669 881 2729 inhumato,
906 2688 937 2727 ree

77 2744 144 2798 Per
162 2757 245 2809 quem
263 2745 305 2796 tot
318 2741 436 2810 juvenes
454 2743 544 2811 patrio
562 2759 673 2797 caruere
691 2747 839 2813 sepulcrol'

79 2817 184 2872 ‘Mille
200 2817 290 2869 orium
308 2815 419 2870 insanus
437 2817 519 2871 morti
537 2817 622 2884 dedit,
640 2818 762 2873 inclitum
781 2821 878 2875 Ulixen

77 2894 125 2948 Et
143 2891 302 2946 Menelaum
320 2909 374 2944 una
391 2909 498 2946 mecum
516 2909 551 2960 se,
564 2893 687 2948 occidere
705 2895 834 2950 clamans!

79 2969 144 3022 ‘Tu
163 2983 226 3020 cum
243 2983 294 3034 pro
311 2967 396 3020 vitula
414 2969 511 3022 statuis
532 2969 638 3023 dulcem
657 2969 758 3024 Aulide
776 2975 869 3026 natam

79 3047 166 3101 Ante
183 3057 245 3096 aras
263 3042 422 3110 spargisque
439 3043 511 3096 mola
527 3047 616 3110 eaput,
634 3044 765 3111 improbe,
783 3047 859 3114 salsa,
901 3063 937 3102 aee

79 3122 207 3176 Rectum
236 3116 319 3169 animi
346 3132 439 3170 serves
447 3117 508 3170 l'-‘
518 3117 652 3187 Quorsum
663 3118 843 3173 l'-‘Insanus
870 3123 936 3190 quid

157 3193 231 3247 enam
253 3191 324 3260 max
534 3195 630 3313 A
