2116 3424
374 140 580 190 cARMIer
596 141 634 190 11.
653 143 677 189 ⁵.

235 220 350 274 Nescius
367 237 402 274 un
419 223 449 274 te
466 237 597 288 generum
614 219 689 274 besti

236 295 370 362 Phyllidis
387 294 473 348 liuvae
490 295 621 348 decorent
637 299 781 363 petentes:

236 369 354 438 Regium
371 374 446 424 certe
463 386 549 438 genus
567 374 597 424 et
613 373 727 438 penates

271 446 379 500 Maeret
396 447 509 514 iniquos.

235 520 327 576 Crede
343 539 398 575 non
413 521 489 575 illum
505 521 557 575 tibi
575 521 611 576 de
628 521 742 576 scelests

235 595 321 650 Plebe
339 597 473 663 dilectem,
491 613 581 676 neque
598 597 637 650 sie
654 596 771 684 fidelem,

235 671 282 726 Sic
299 672 374 726 luero
391 689 521 741 aversam,
539 672 660 740 potuisse
677 671 751 725 nasei

206 789 210 792 .
271 747 362 801 Matre
378 748 514 816 pudende

235 821 356 882 Brachia,
369 827 399 877 et
416 824 522 878 vultum
539 826 696 891 teretesque
713 837 791 877 surus

235 897 350 965 Integer
367 898 462 965 leudo;
479 899 544 967 fuge
562 898 701 966 suspicari,

236 972 322 1040 eujus
339 977 464 1027 octavum
481 973 631 1042 trepidavit
647 976 724 1028 setus

270 1047 404 1104 claudere
421 1048 545 1104 lustrum.

399 1240 538 1297 .V.

233 1347 360 1403 Noenum
377 1347 489 1404 subacta
505 1349 578 1404 ferre
591 1351 689 1418 jugum
706 1349 780 1404 valet

232 1423 352 1492 Gerviee,
370 1425 490 1478 nondum
507 1425 599 1478 munia
616 1425 748 1494 comperis

266 1500 396 1568 Aequere
412 1516 462 1553 nee
479 1500 552 1553 teuri
569 1501 673 1554 ruentis

213 1607 218 1615 -
301 1574 335 1627 In
352 1591 480 1628 venerem
497 1575 615 1629 tolerare
632 1575 746 1644 pondus

113 1681 157 1690 -·
231 1647 311 1704 (lires
327 1650 448 1704 virentes
465 1654 508 1704 est
525 1651 629 1704 animus
646 1654 711 1704 tuae
811 1679 813 1684 .

231 1725 347 1793 campos
361 1725 501 1794 juvencae,
519 1743 590 1780 nune
607 1726 696 1780 fluviis
712 1741 821 1796 gravem

264 1799 382 1854 Solantis
399 1805 512 1874 aestum,
530 1801 647 1854 nuncin
664 1801 720 1855 udo

299 1875 408 1929 Ludere
425 1893 487 1930 eum
504 1877 598 1931 ritulis
616 1877 710 1931 salicto

230 1950 452 2028 Prnegestientis.
487 1952 562 2006 'folle
579 1951 732 2020 cupidinem
809 2017 811 2024 Α

230 2009 350 2080 Immitis
367 2043 452 2081 uvae·
466 2026 527 2095 jem
543 2027 595 2081 tibi
613 2027 710 2081 lividos

263 2101 423 2170 Distinguet
441 2106 613 2157 Auetumnus
630 2119 750 2157 reeemos

195 2167 205 2182 '
295 2177 439 2250 Purpureo
456 2178 546 2240 verius
564 2179 659 2232 colore.

228 2252 293 2306 Jsm
309 2255 345 2305 te
357 2255 500 2320 sequetur:
519 2254 605 2306 omrit
623 2253 694 2306 enim
712 2253 789 2307 ferox
884 2307 887 2313 Α

228 2328 316 2380 Aetas
334 2329 363 2380 et
379 2327 418 2378 illi
436 2343 504 2395 quos
522 2327 573 2381 tibi
591 2328 741 2396 dempserit
806 2329 809 2337 “

261 2398 393 2470 eppone
409 2419 510 2468 aunos;
523 2402 582 2471 jam
600 2408 729 2471 proterve

296 2477 398 2531 Fronte
415 2481 493 2545 petet
510 2479 610 2546 Lalage
627 2479 770 2534 meritum:

226 2551 335 2606 Dilecta
352 2556 484 2621 quantum
500 2570 555 2607 non
573 2554 674 2607 Pholoe
692 2555 781 2622 fugax,

226 2627 289 2681 Non
307 2627 413 2681 Chloris
431 2629 492 2682 elbo
510 2629 549 2694 sie
566 2629 679 2683 humero
697 2631 794 2696 nitens,

183 2732 186 2738 ,
260 2702 301 2756 Ut
317 2719 387 2771 pura
403 2708 535 2758 nocturno
552 2706 660 2759 renidet

295 2777 371 2831 Luna
388 2779 464 2846 meri,
484 2779 630 2834 Cnidiusve
648 2780 744 2848 Gyges,

226 2851 313 2916 Quem
331 2853 354 2906 si
372 2855 522 2922 puellarum
540 2856 673 2908 insereres
691 2855 773 2908 ehoro

137 2967 140 2970 -
225 2927 297 2982 Mire
315 2944 424 2997 sugeres
441 2930 547 2984 falleret
565 2930 685 2998 hospites

258 3002 411 3058 Discrimen
428 3005 571 3058 obscurum
589 3005 685 3058 solutis

293 3077 420 3133 Crinibus
437 3079 617 3145 ambiguoque
634 3077 718 3136 vultu.
768 3095 772 3110 “
