2144 3420
345 150 599 202 EPISPOLARUM
614 152 637 201 1.
657 152 694 203 15.
901 147 946 200 175

99 231 150 286 Me
167 232 292 286 constare
308 232 375 286 milri
392 233 451 300 scis,
470 236 501 287 et
518 232 659 286 discedere
676 231 793 296 tristem¹

100 307 324 375 andocunque
341 308 454 365 trabunt
470 308 557 362 invisa
573 307 682 375 negotia
700 307 821 380 Remum.

99 381 127 434 N
129 398 164 436 on
182 381 279 435 eudem
296 383 440 448 miramur3
457 399 491 436 ec
508 383 675 436 disconvenit
692 383 765 436 inter

99 455 203 524 Meque
222 461 252 510 et
268 461 311 511 te:
328 473 392 512 nam
409 475 480 526 quse
497 459 607 512 deserta
623 461 652 512 et
668 456 804 524 inhospita
819 459 895 508 tesca
977 473 981 480 ·

11 593 12 598 ἵ
99 531 199 584 Credis
217 548 330 584 amoena
347 537 425 586 voest
443 549 501 586 mec
567 534 614 600 qui
632 532 725 599 sentit,
743 534 772 584 et
789 531 848 583 odit
923 543 947 583 ro

100 605 178 670 Ques
194 609 227 659 tu
243 607 356 674 pulchre
372 611 460 676 putus
520 609 597 660 ornix
614 606 664 661 tibi
682 611 712 660 et
727 610 810 660 uncta
825 604 925 673 popina

100 679 244 735 Incutiunt
261 681 337 734 urbis
355 682 634 750 desideriumfll'deo,
652 681 772 752 siquod

99 757 228 822 Angulus
245 756 297 810 iste
314 756 387 811 feret
404 757 483 826 piper
501 763 530 812 et
548 759 611 812 thus
629 758 703 811 ocius
720 773 780 826 uva,

10 885 11 904 ᾖ
98 829 127 882 N
128 845 159 883 ec
176 831 264 884 vicine
281 830 382 885 subest
392 833 485 886 vinum
501 833 634 902 praebere
650 831 765 886 taberna

10 911 11 960 Ῑ
99 905 178 968 Quae
194 905 289 974 possit
298 906 358 975 tibi,
375 923 426 961 nee
443 911 575 962 meretrix
591 908 711 976 tibicina,
728 907 805 976 cujus
924 919 949 977 ss

98 980 148 1034 Ad
166 982 313 1048 strepitum
330 981 410 1036 selim
427 987 518 1037 terroe
535 984 636 1051 gravis:
654 987 684 1036 et
701 987 793 1036 tumen
810 997 893 1049 urges

98 1055 120 1107 J
121 1056 273 1124 smpridem
291 1074 344 1110 non
361 1062 436 1113 tacte
452 1059 587 1126 ligonibus
604 1075 670 1112 orvs
686 1057 838 1125 bovemque

98 1129 276 1197 Disjunctum
292 1149 371 1186 cures
389 1138 419 1188 et
436 1135 538 1187 strictis
555 1133 698 1186 frondibus
716 1133 824 1201 exples;

99 1204 191 1260 Addit
208 1222 277 1275 opus
294 1208 373 1275 pigro
390 1209 471 1276 rivus,
490 1209 513 1261 si
531 1208 633 1262 decidit
649 1207 744 1274 imber,

99 1279 191 1335 Mults
208 1282 280 1334 mole
297 1283 436 1337 docendus
453 1285 544 1352 aprico
561 1300 672 1352 parcere
690 1287 775 1352 prato.
925 1295 948 1334 ec

98 1354 181 1408 Nunc
199 1373 251 1423 age
270 1357 337 1424 quid
354 1361 478 1411 nostrum
496 1362 655 1412 concentum
673 1358 779 1410 dividet
795 1357 866 1410 audi.

99 1431 188 1494 Quem
207 1436 305 1486 tenues
325 1432 442 1487 decuere
459 1437 540 1501 togae
556 1433 692 1499 nitidique
708 1431 805 1500 capilli,

72 1501 80 1511 ’
100 1506 189 1570 Quem
208 1506 261 1559 scis
279 1507 427 1561 immunem
446 1509 561 1571 Cinarae
577 1507 709 1575 placuisse
726 1505 824 1574 rapaci,

103 1581 193 1644 Quem
210 1580 335 1634 bibulum
352 1582 449 1650 liquidi
466 1583 556 1636 medin
574 1581 609 1635 de
625 1581 686 1635 luce
705 1580 822 1647 Falerni,

100 1653 192 1709 (leena
203 1653 295 1709 brevis
303 1655 384 1723 juvet
396 1661 425 1710 et
436 1673 520 1725 prope
532 1658 623 1709 rivunr
632 1671 740 1710 somnus
751 1655 780 1707 in
791 1652 889 1717 herbc3
923 1667 947 1706 ss

98 1729 126 1782 N
128 1746 159 1784 ec
175 1729 273 1784 lusisse
290 1731 377 1798 pudet
395 1730 444 1784 sed
461 1747 515 1783 non
532 1731 652 1792 incidere
670 1730 773 1784 ludum.

8 1821 9 1828 ¹
99 1803 126 1856 N
127 1801 164 1857 ori
180 1804 244 1858 istic
261 1805 370 1872 obliquo
388 1806 464 1859 oculo
481 1821 543 1859 mes
559 1805 699 1859 commoda
716 1803 857 1872 quisquam

99 1878 199 1946 Limet,
218 1895 272 1932 non
290 1879 353 1932 odio
370 1880 486 1933 obscuro
502 1895 648 1949 morsuque
665 1881 796 1942 venenat3

99 1951 206 2007 Rident
223 1953 304 2006 vicini
321 1953 415 2021 glebas
433 1958 464 2008 et
481 1970 546 2008 saxa
562 1957 723 2008 moventem.

99 2014 170 2082 llum
189 2029 275 2082 servis
293 2029 397 2082 urbana
415 2029 501 2083 dierie
518 2028 616 2084 rodere
633 2029 732 2082 mavis:
925 2041 947 2080 lc

100 2099 209 2159 Horum
227 2105 260 2156 tu
277 2103 306 2156 in
323 2119 466 2156 numerum
483 2107 546 2158 voto
564 2104 636 2170 ruis;
653 2103 759 2157 invidet
776 2117 855 2156 usum

8 2195 17 2232 ;·
101 2175 250 2246 Lignorum
266 2181 295 2231 et
312 2179 417 2246 pecoris
434 2177 486 2231 tibi
504 2178 561 2231 colo
579 2182 692 2245 argutus
711 2182 740 2232 et
757 2178 838 2230 horti.

100 2252 187 2321 Optat
205 2251 334 2322 ephippia
351 2253 407 2320 bus,
424 2253 502 2320 piger
519 2255 597 2320 optut
613 2268 690 2305 eruic
710 2251 843 2316 caballus3
949 2287 954 2295 ·

101 2326 188 2391 Quam
206 2327 258 2381 scit
275 2331 393 2394 uterque
410 2326 499 2380 libens
517 2325 631 2406 censqbo
648 2330 774 2380 exerceat
793 2329 886 2379 artem.

497 2469 558 2522 XV.

101 2549 181 2614 Qum
200 2549 237 2603 sit
252 2549 340 2604 hiems
358 2548 462 2617 Veliae,
481 2549 555 2618 quod
570 2549 682 2618 caelum,
701 2547 778 2614 Vela,
799 2548 912 2614 belensi,

101 2627 223 2688 Quorum
234 2623 373 2678 hominum
384 2624 460 2691 regio
472 2629 501 2678 et
512 2624 600 2692 qualis
612 2625 663 2692 via,
677 2625 747 2691 (nem
760 2623 826 2676 mihi
839 2623 920 2675 Baius

100 2699 182 2752 Musa
199 2715 381 2768 supervacuas
399 2698 536 2752 Antonius
554 2703 584 2753 et
600 2702 694 2753 temen
711 2699 765 2752 illis

101 2772 149 2826 Me
166 2773 231 2827 facit
248 2773 372 2840 invisum,
390 2772 482 2842 gelida
498 2789 560 2828 cum
577 2774 687 2842 perluor
703 2771 777 2826 unde

100 2847 155 2902 Per
172 2847 294 2902 medium
311 2847 404 2915 frigus.
440 2847 510 2902 Sane
527 2851 648 2904 murteta
664 2847 782 2916 relinqui
930 2849 942 2892 Ι

100 2919 237 2989 Dictaque
254 2925 407 2984 cessantem
424 2923 515 2975 nervis
532 2923 634 2977 elidere
651 2922 777 2976 morbum

101 2993 238 3064 Sulphure
255 2996 392 3049 contemni
409 2997 484 3050 vicus
501 2999 593 3066 gemit,
612 2997 719 3051 invidus
737 2995 834 3063 aegris,

101 3069 153 3134 Qui
172 3074 302 3139 caputet
320 3071 488 3124 stomachum
505 3089 656 3140 supponere
674 3071 795 3125 fontibus
814 3069 917 3124 audent

102 3145 221 3198 Clusinis
239 3144 395 3215 Gabiosque
411 3148 509 3214 petunt
526 3149 555 3200 et
571 3146 673 3214 frigide
690 3163 760 3201 rurs,
