2126 3410
121 153 154 210 is
340 159 344 168 ’
393 149 552 201 nouum
568 151 698 201 mcci

193 231 327 300 direptum
344 230 445 300 Stygiis
462 229 590 284 fluctibus
608 231 730 285 Aeacum

194 305 291 360 Virtus
308 309 338 359 et
354 305 431 358 favor
448 308 477 358 et
494 304 587 372 lingua
604 307 758 373 potentium

194 381 297 435 Vatum
315 380 444 434 divitibus
461 384 601 434 consecrat
617 381 719 434 insulis.

194 455 318 524 Dignus!
331 453 413 508 laude
430 454 519 508 virum
537 453 617 512 Musa
633 459 712 509 vetat
725 457 807 515 mori.

194 530 276 585 Caelo
294 531 375 584 Mun
390 530 463 584 beat
498 528 544 583 Sic
561 528 581 582 J
582 529 639 582 osis
655 530 771 587 interest

194 605 304 674 Optatis
321 604 409 672 epulis
425 603 542 672 impiger
560 603 708 670 Hercules3

195 679 305 734 Clarum
322 679 492 747 Tyndaridae
511 679 587 732 sidus
604 678 640 732 ab
655 679 756 735 infimis

195 755 313 819 Quassas
331 754 450 822 eripiunt
467 752 631 822 aequoribus
646 758 737 821 rates3

194 827 315 884 Ornatus
331 829 412 882 viridi
429 831 553 896 tempora
569 829 696 897 pampino

195 902 279 958 Liber
295 906 360 958 voto
375 901 460 957 bonos
478 903 555 956 ducit
572 903 609 956 ad
625 903 724 960 exitus.

524 1043 574 1098 IX.

227 1125 274 1182 Nu
290 1126 361 1182 forie
378 1125 472 1181 credas
488 1125 635 1180 interitura
652 1143 723 1196 quae

227 1201 320 1270 Longe
338 1205 477 1255 sonantem
494 1205 575 1254 natus
592 1201 629 1255 ad
647 1203 778 1258 Aufidum

261 1277 287 1331 N
289 1294 324 1328 on
341 1280 404 1330 ante
421 1276 544 1343 vulgatae
560 1293 611 1346 per
628 1280 702 1331 artes

295 1351 388 1404 Verba
404 1349 500 1424 loquor
517 1349 644 1404 socianda
661 1352 783 1410 chordis:

227 1427 254 1481 N
256 1443 290 1479 on
308 1426 331 1480 si
347 1425 452 1494 priores
470 1425 612 1479 Maeonius
629 1429 708 1480 tenet

226 1501 312 1556 Sedes
330 1501 467 1555 Homerus
485 1500 645 1555 Pindaricae
661 1501 749 1556 latent

260 1576 385 1646 Ceaeque
403 1578 432 1630 et
444 1575 545 1630 Alcaei
562 1576 682 1630 minaces

294 1651 494 1720 Stesichorique
511 1667 608 1719 graves
626 1650 774 1709 Camenae:

141 1769 145 1777 .
226 1727 285 1780 Nec
302 1727 326 1779 si
343 1725 411 1796 quid
427 1725 491 1779 olim
509 1725 574 1780 lusit
591 1727 735 1780 Anacreon

225 1800 335 1855 Delevit
351 1803 441 1866 aetas;
459 1800 545 1868 spirat
561 1800 651 1855 adhuc
667 1817 743 1856 amor

259 1875 418 1943 Vivuntque
434 1874 569 1928 commissi
579 1875 691 1930 calores

293 1950 406 2004 Aeoliae
422 1948 525 2002 fidibus
541 1949 656 2018 puellae.

224 2024 287 2080 Non
305 2025 361 2078 sola
377 2027 500 2092 comptos
517 2024 585 2078 arsit
601 2023 720 2079 adudteri
774 2059 778 2066 ·

225 2100 327 2166 Orines,
346 2103 376 2154 et
393 2115 489 2153 aurum
506 2099 628 2154 vestibus
645 2099 743 2154 illitum

257 2175 359 2229 Mirata
376 2174 537 2242 regalesque
554 2174 645 2228 cultus

293 2250 330 2303 Et
346 2250 458 2304 comites
477 2249 585 2303 Helene
603 2249 733 2316 Lacaena,

154 2359 157 2366 ·
225 2325 368 2382 Primusve
385 2325 489 2378 Teucer
505 2324 562 2378 tela
580 2323 700 2392 Cydonio

223 2398 333 2458 Direxit
350 2415 429 2464 arcu;
445 2415 500 2452 non
518 2398 603 2452 semel
621 2398 687 2452 Ilios

258 2473 381 2540 Vexata;
397 2490 453 2529 non
468 2473 601 2542 pugnavit
617 2473 714 2542 ingens

292 2548 456 2602 Idomeneus
473 2548 653 2603 Sthenelusve
670 2548 744 2602 solus

223 2623 347 2679 Dicenda
364 2623 452 2677 Musis
469 2623 587 2692 proelia3
604 2639 659 2676 non
675 2622 754 2676 ferox

223 2699 329 2754 Hector
345 2697 388 2752 vel
405 2713 468 2754 acer
485 2697 645 2766 Deiphobus
665 2713 764 2765 graves

258 2773 374 2841 Excepit
390 2771 461 2834 ictus
477 2788 528 2846 pro
540 2772 652 2841 pudicis

291 2846 460 2914 Coniugibus
477 2847 624 2916 puerisque
641 2847 752 2915 primus

223 2919 325 2972 Vixere
343 2922 428 2974 fortes
445 2924 511 2977 ante
529 2922 735 2988 Agamemnona

223 2993 323 3058 Multi;
340 2995 390 3047 sed
408 3011 502 3048 omnes
518 2995 719 3049 illacrimabiles

259 3065 400 3130 Urgentur
417 3068 559 3135 ignotique
577 3068 659 3136 longa

293 3138 389 3208 Nocte,
407 3144 501 3195 carent
518 3140 585 3210 quia
601 3145 665 3196 vate
682 3159 766 3200 sacro.
871 3173 874 3180 ·
