2126 3410
131 96 143 122 1

134 143 166 200 90
389 142 709 196 ,ΗΟΒΑΤΠἙΒΑΟΟΙ

234 221 302 280 uuit
319 223 416 278 cicutis
431 217 525 278 ellium
542 220 690 280 nocentius

269 297 293 350 Ο
311 297 381 350 dura
397 313 547 355 messorum
563 294 623 348 ilio!

235 372 308 436 Quid
325 371 376 425 boc
393 371 490 426 veneni
508 371 595 424 saevit
611 367 840 438 inpraecerdiisi
964 375 980 414 ⁵

268 446 342 498 Num
359 445 495 513 viperinus
512 444 555 498 his
572 459 653 498 cruor

235 520 362 576 incoctus
379 519 473 574 herbis
489 536 533 572 me
544 518 668 578 iciellitl
685 533 721 570 uu
737 515 822 590 malas

269 594 385 648 Canidia
400 594 530 648 tractavit
546 593 649 660 dapesi
818 593 823 600 '

234 669 275 724 Ut
293 671 467 736 Argonautas
483 672 594 738 praeter
611 683 704 722 omnes
721 663 866 720 candidum

269 741 370 796 Medea
386 744 486 797 mirata
502 747 546 796 est
564 743 668 810 ducem,
956 755 979 795 ra

234 817 333 885 Ignota
349 818 436 872 tamis
451 817 618 885 illigatururn
631 818 701 886 juge

269 892 401 946 Perunxit
416 893 468 946 hec
483 893 613 950 Jssonem
621 915 628 959 ;

234 966 297 1020 Hoc
313 967 442 1022 delibutis
460 967 519 1022 ulta
536 967 616 1021 donis
632 967 765 1038 pellicem-

267 1041 401 1109 Serpente
417 1042 488 1109 fugit
505 1042 577 1096 alite.

232 1116 259 1170 N
260 1132 291 1170 cc
308 1120 403 1174 tantus
418 1133 538 1186 unquam
555 1117 676 1170 siderum
692 1115 794 1172 insedit
809 1131 894 1186 uapor
954 1133 976 1174 u

267 1191 426 1246 Sitieulcsae
443 1191 567 1260 Apuliae,

232 1265 259 1319 N
260 1281 291 1320 ee
308 1282 406 1320 munus
422 1265 543 1320 humeris
561 1265 676 1320 efficacis
694 1265 822 1320 Herculis

266 1340 370 1394 Inarsit
386 1341 546 1395 aestuosius.

232 1414 273 1468 At
290 1415 313 1466 si
331 1415 399 1483 quid
416 1431 534 1484 unquam
552 1415 609 1469 tale
625 1415 818 1484 concupiveris,

266 1489 365 1543 Jocose
382 1491 533 1557 Maecenas,
551 1506 649 1559 precor
733 1509 738 1519 ⁹
810 1515 822 1533 ·
952 1504 977 1544 m

231 1563 343 1618 Manum
360 1565 453 1634 puella
470 1565 543 1618 savio
560 1567 677 1632 opponat
694 1567 744 1618 tuo
1055 1567 1056 1574 ’

265 1639 395 1692 Extrema
412 1643 442 1694 et
458 1639 487 1692 in
505 1639 610 1708 sponda
625 1637 716 1692 cubet.

525 1777 578 1834 lv,

230 1860 315 1916 burm
333 1864 362 1916 et
379 1860 456 1928 arnis
473 1863 575 1929 quanta
593 1858 691 1914 sortito
708 1857 816 1927 obtigit,

262 1936 362 1988 Tecum
379 1935 446 1988 mihi
463 1935 599 1990 discordia
615 1937 665 2002 est,

228 2009 368 2064 Hibericis
383 2013 495 2078 penate
510 2009 621 2064 funibus
637 2009 712 2064 latus

261 2085 299 2138 Et
315 2101 396 2138 crura
411 2086 482 2143 dura
497 2085 636 2153 compede.

226 2158 304 2214 Licet
321 2159 455 2229 superbus
470 2160 595 2214 ambules
610 2158 735 2228 pecunia,
961 2173 975 2214 s
1055 2171 1056 2174 ’

261 2233 383 2288 Fortuna
399 2251 454 2290 neu
470 2238 561 2290 mutat
576 2250 667 2301 genus

226 2305 353 2376 Videsne,
372 2309 481 2364 Sacram
498 2308 629 2362 metiente
645 2312 675 2360 te
692 2307 765 2361 viam
869 2321 871 2326 ·

260 2382 329 2437 (tum
346 2383 390 2438 bis
405 2385 489 2438 trium
507 2385 630 2436 ulnarum
647 2386 676 2436 to
739 2413 742 2418 -

227 2455 267 2512 Ut
283 2474 332 2512 ora
348 2462 440 2514 uertat
454 2459 508 2513 huc
525 2464 555 2512 ct
571 2459 625 2512 huc
641 2460 764 2511 eumdum

258 2531 411 2586 Libeuima
427 2533 598 2600 indignatiei

223 2606 319 2664 dectus
336 2609 451 2676 flagellis
467 2608 512 2662 hic
528 2605 743 2662 triumviralibus

257 2682 403 2737 Praeconis
419 2683 456 2736 ad
472 2682 613 2737 fastidium

223 2757 297 2812 Aret
313 2759 422 2813 Falerni
439 2758 514 2812 mille
530 2757 609 2810 fundi
622 2757 724 2824 jugera

256 2831 294 2885 Et
312 2833 432 2901 Appiam
449 2827 555 2886 mannis
572 2831 647 2901 terit,

222 2902 413 2974 Bedilibusque
430 2921 544 2972 magnus
561 2905 590 2956 in
606 2903 703 2972 primis
720 2919 807 2970 eques
944 2913 972 2955 Β

257 2975 366 3031 Othone
383 2982 538 3046 contempto
556 2977 651 3036 sedet!

214 3045 296 3108 Quid
313 3053 414 3104 attinet
430 3055 474 3104 tot
490 3067 538 3104 ora
554 3051 663 3104 narium
680 3051 758 3117 gravi
862 3068 867 3072 ·

257 3118 387 3174 Rostrata
404 3124 467 3176 duel
483 3123 605 3190 pondere
