2126 3410
332 92 547 148 SATIRARUM
564 94 586 144 1.
607 95 645 146 lt.

17 239 18 246 ἵ
57 175 181 243 Magnas
199 174 366 229 Graecorum
383 175 462 230 malis
479 175 594 243 implere
612 172 755 230 catervas.l
893 185 917 228 ss

17 263 18 272 ¹
58 250 203 318 Turgidus
223 249 340 317 Alpinus
353 248 464 317 jugulat
481 249 547 302 dum
566 250 718 314 Memnona,
737 248 858 316 dumque

17 309 20 406 j
66 325 190 393 Delingit
208 325 298 378 Rheni
316 325 420 378 luteum
438 330 527 392 caput,
546 324 612 377 haec
630 341 680 391 ego
698 323 770 389 ludo,

17 419 18 456 l
68 401 141 464 Quae
159 416 250 468 neque
268 400 296 452 in
314 399 383 462 aede
401 405 498 454 sonent
516 400 649 453 certantia
661 399 755 466 judice
774 397 869 464 Tarpa,

17 535 18 550 ἶ
68 475 124 529 llec
141 476 260 544 redeant
277 475 377 528 iterum
395 479 478 544 atque
495 477 596 528 iterum
614 473 761 544 spectanda
778 471 900 527 theatris.

68 552 176 618 Arguta
192 550 337 603 meretrice
354 554 432 618 potes
450 551 582 619 Davoque
601 550 748 604 Chremeta
891 560 917 602 so

69 625 204 679 Eludente
223 619 316 679 'senem
333 625 417 678 comis
434 627 538 694 garrire
556 623 662 680 libellos

17 737 18 756 1
69 700 144 754 Unus
162 701 293 766 vivorum,
313 699 453 766 Fundani3
472 701 557 754 Pollio
575 716 670 767 regum

70 775 152 830 Facta
170 776 246 830 canit
262 775 333 843 pede
351 779 395 828 ter
411 792 553 844 percusso,
570 776 641 828 forte
659 790 723 844 epos
739 788 803 829 acer

69 851 106 904 Ut
123 846 205 905 nemo
224 851 325 904 Varius
343 849 436 916 ducit;
453 852 533 906 molle
551 855 633 918 atque
650 851 767 904 facetum

16 987 17 998 γ
71 925 185 994 Virgilio
202 929 358 982 annuerunt
373 927 525 994 gaudentes
542 942 606 980 rure
624 925 766 980 (lamense.
895 939 918 979 la

70 1001 132 1054 ΗοοΥ
146 1005 215 1067 erat,
235 1003 349 1070 experto
367 1001 469 1054 fmsma
488 1001 610 1054 Varrone
629 1001 745 1055 Atacino

72 1079 163 1144 Atque
182 1075 347 1144 quibusdam
364 1076 431 1143 aliis,
449 1077 545 1129 melius
562 1076 636 1144 quod
653 1075 906 1142 aubere'possem,

72 1151 218 1214 inventore
236 1151 337 1215 minor-3
355 1166 444 1219 neque
461 1167 511 1217 ego
529 1150 567 1202 illi
585 1149 730 1204 detrahere
749 1148 836 1202 ausim

72 1225 240 1280 Haerentem
258 1225 341 1295 capiti
359 1242 420 1279 cum
437 1226 523 1279 multa
540 1224 622 1278 laude
638 1241 771 1278 coronam.

70 1301 108 1355 At
124 1301 184 1354 dixi
202 1301 287 1376 fluere
305 1300 376 1354 hunc
393 1301 566 1367 lutulentum,
584 1315 664 1368 saepe
681 1300 813 1353 ferentem
892 1313 917 1354 sc

69 1372 150 1430 Plura
168 1375 280 1444 quidem
297 1375 418 1432 tollenda
436 1375 628 1444 relinquendis.
663 1376 734 1442 Age,
752 1389 859 1442 quaeso,

71 1450 108 1504 Tu
124 1451 194 1520 nihil
212 1451 240 1504 in
257 1467 355 1519 magno
372 1451 468 1504 doctus
485 1449 663 1520 reprehendis
682 1449 822 1504 Homerol

71 1524 114 1579 Nil
131 1517 217 1580 comis
228 1521 331 1593 ¹tragici
348 1529 437 1579 mutat
455 1526 573 1586 Lucilius
592 1525 678 1578 Accii
796 1527 799 1532 '
888 1523 891 1530 ’

71 1601 94 1654 N
96 1618 130 1655 on
147 1601 224 1655 ridet
241 1617 336 1654 versus
355 1600 424 1653 Enni
441 1600 575 1668 gravitate
593 1599 720 1667 minores,

72 1676 137 1730 (lum
156 1676 193 1729 de
211 1692 240 1728 se
258 1675 379 1744 loquitur
396 1691 449 1727 non
467 1678 498 1727 ut
515 1675 618 1742 majore
637 1673 790 1744 reprensisl
898 1693 919 1733 tt

72 1751 141 1815 Quid
159 1754 237 1804 vetat
255 1754 283 1804 et
301 1754 406 1804 nosmet
425 1750 512 1802 Lucili
530 1750 632 1818 scripta
648 1750 769 1817 legentes

72 1826 216 1891 Quaerere,
233 1842 299 1878 num
317 1825 395 1891 illius,
414 1841 479 1876 num
497 1840 589 1876 rerum
607 1823 676 1876 dura
692 1821 799 1890 negarit

71 1900 225 1954 Versiculos
242 1905 341 1954 natura
357 1900 443 1966 magis
460 1899 546 1952 factos
563 1901 592 1952 et
610 1902 706 1950 euntes

71 1975 179 2029 Mollius
197 1976 269 2028 acsi
288 1977 348 2044 quis
365 1974 481 2044 pedibus
499 1973 567 2042 quid
584 1972 711 2026 claudere
729 1970 808 2040 senis,

71 2049 129 2103 Hoc
146 2054 257 2104 tantum
275 2053 426 2116 contentus,
444 2053 518 2102 amet
536 2048 675 2117 scripsisse
693 2047 824 2101 ducentos
886 2061 917 2101 -so

71 2126 144 2180 Ante
163 2125 253 2178 cibum
271 2141 372 2191 versus,
391 2123 508 2178 totidem
526 2127 655 2176 coenatus
665 2143 672 2188 ;
689 2121 797 2176 lltrusoi

71 2199 153 2264 Quale
171 2200 226 2253 sirit
244 2199 320 2253 Cassi
338 2199 434 2268 rapido
452 2199 608 2262 ferventius,
618 2196 691 2250 amni

70 2274 220 2344 Ingenium,
239 2275 326 2343 capsis
345 2290 426 2343 quem
444 2273 517 2326 lama
535 2277 577 2326 cst
595 2289 655 2326 esse
671 2270 803 2340 librisque

70 2351 236 2403 Ambustum
254 2350 390 2418 propriisl
427 2347 521 2402 Fuerit
540 2347 666 2414 Lucilius,
684 2347 803 2416 inquam,

70 2426 159 2479 Cumis
177 2428 207 2478 et
224 2424 349 2491 urbanus,
368 2423 452 2477 filerit
470 2423 588 2476 limatior
604 2423 679 2476 idem
896 2434 919 2475 so

69 2499 155 2564 Quam
172 2499 249 2556 rudis
267 2503 296 2553 et
315 2499 425 2553 Graecis
442 2498 539 2552 intacti
556 2497 683 2552 carminis
700 2499 801 2565 auctor,

69 2575 210 2644 Quamque
228 2578 370 2643 po'e'tarum
389 2574 526 2628 seniorum
544 2573 641 2638 turba;
659 2572 709 2625 sed
726 2572 779 2639 ille,

68 2650 94 2703 Si
112 2652 185 2704 foret
203 2649 253 2703 hoc
270 2653 392 2703 nostrum
410 2648 467 2702 fato
486 2647 586 2701 dilatus
603 2647 631 2700 in
648 2664 751 2714 aevum,

68 2725 215 2780 Detersret
233 2724 285 2778 sibi
302 2725 396 2792 multa,
414 2723 549 2778 recideret
566 2739 645 2776 omne
664 2722 737 2791 quod
753 2721 826 2775 ultra

69 2799 223 2854 Perfectum
241 2801 406 2866 traheretur,
426 2802 454 2852 et
471 2799 499 2851 in
517 2815 597 2852 uersu
614 2797 737 2850 faciendo
894 2810 918 2850 ro

68 2875 152 2944 Saepe
169 2880 252 2944 caput
271 2875 395 2929 scaberet
413 2874 487 2926 vivos
505 2877 534 2926 et
551 2872 661 2925 roderet
679 2887 790 2939 ungues

70 2950 151 3019 Saepe
171 2951 265 3004 stilum
283 2955 374 3003 vertas
392 2949 492 3002 iterum
511 2964 580 3016 quae
599 2948 681 3014 digna
698 2947 750 3014 logi
768 2945 825 3002 sint

70 3024 228 3094 Scriptorum,
245 3041 335 3094 neque
353 3029 383 3078 te
401 3027 433 3076 ut
450 3023 565 3075 miretur
583 3022 665 3074 turba
682 3020 815 3089 labores·

70 3099 217 3156 Contentus
234 3099 328 3170 paucis
345 3097 500 3152 lectoribus.
537 3097 582 3147 An
600 3099 648 3148 tua
666 3095 779 3148 demens

15 3217 19 3300 r
