2116 3424
379 123 532 172 HORAl‘II
551 123 680 171 FLACCI

195 207 198 215 '
241 207 398 260 'lerininum
416 205 488 258 curis
506 199 590 272 ‘vagor
607 203 750 273 expeditis
851 221 854 228 ·

277 281 360 348 Fugit
378 281 519 347 inermem,

242 355 327 421 Quale
346 360 503 424 portentum
521 371 612 424 neque
629 354 754 408 militaris

242 432 362 486 Daunias
380 433 442 485 latis
460 431 509 485 alit
526 431 678 496 aesculetis,

242 508 300 562 Nec
318 509 336 561 J
339 508 408 561 ubae
426 508 508 561 tellus
525 510 640 576 generat
656 504 763 560 leonum

276 584 363 637 Arida
381 584 481 636 nutrix.

241 657 315 712 Pone
333 676 377 712 me
394 659 479 726 pigris
496 658 544 712 ubi
562 658 637 710 nulla
655 656 757 725 campis

127 739 130 752 '
241 734 333 788 Arbor
350 735 453 788 aestiva
470 736 611 786 recreatur
628 749 702 798 aura,

241 809 321 874 Quod
338 809 410 862 latus
428 809 523 861 mundi
541 808 656 861 nebulae
675 807 815 877 malusque

273 885 404 953 «luppiter
421 887 518 950 urget;
783 901 786 912 ·
924 889 952 929 ao

240 959 315 1013 Pone
333 959 384 1012 sub
402 976 483 1010 curru
501 958 613 1010 nimium
631 957 776 1026 propinqui

240 1034 310 1088 Solis
327 1034 355 1086 in
373 1037 448 1086 terra
466 1032 592 1084 domibus
610 1035 724 1098 negata:

241 1109 328 1165 Dulce
346 1109 483 1162 ridentem
504 1109 621 1176 Lalagen
639 1105 742 1170 amabo,

273 1182 360 1237 Dulce
377 1183 542 1252 loquentem.

470 1325 582 1380 XXIll.

239 1405 327 1462 Vnus
343 1408 471 1464 hinnuleo
489 1425 534 1462 me
552 1409 654 1476 similis,
674 1409 766 1478 chloe,

239 1484 386 1549 Quaerenti
404 1483 530 1554 pavidam
548 1483 686 1538 montibus
704 1485 768 1539 ariis

273 1561 391 1614 Matrem
409 1578 463 1613 non
482 1561 540 1614 sine
558 1577 627 1613 vano

307 1636 444 1687 Aurarum
463 1640 491 1688 et
509 1635 595 1688 silliae
613 1638 695 1688 metu.

185 1761 189 1768 ,
237 1706 308 1762 llam
327 1725 374 1760 seu
391 1709 536 1762 mobilibus
554 1710 625 1762 veris
643 1709 778 1762 inhorruit
931 1719 944 1755 δ

237 1782 382 1839 Adventus
401 1783 472 1835 foliis
490 1800 537 1836 sen
555 1784 658 1836 virides
676 1784 774 1838 rubum

271 1857 417 1911 Dimovere
434 1859 559 1925 lacertae,

307 1933 344 1986 Et
361 1932 444 1986 corde
462 1936 491 1986 et
507 1932 623 2001 genibus
640 1933 743 1987 tremit.

237 2008 325 2076 Atqui
343 2025 396 2060 non
414 2023 464 2076 ego
481 2011 510 2061 te
527 2009 606 2076 tigris
623 2012 655 2062 ut
673 2023 770 2076 aspera

236 2082 401 2138 Gaetulusve
418 2083 461 2145 leo
478 2084 605 2152 frangere
622 2099 785 2151 persequor:

272 2158 391 2212 Tandem
410 2158 504 2212 desine
522 2163 638 2212 matrem

303 2233 475 2302 Tempestiva
493 2235 570 2303 sequi
588 2235 650 2289 viro

468 2377 576 2431 XXIV.

235 2456 304 2522 Quis
321 2456 457 2512 desiderio
476 2460 512 2513 sit
529 2459 617 2527 pudor
634 2463 682 2512 aut
700 2458 797 2511 modus

234 2532 300 2586 'lam
318 2534 373 2586 cari
391 2533 504 2602 capitis?
541 2534 671 2602 Praecipe
689 2534 818 2601 lugubres

234 2607 345 2676 cantus,
365 2608 545 2676 Melpomene,
564 2609 607 2662 cui
625 2608 756 2677 liquidam
772 2610 853 2677 pater

268 2683 369 2736 Vocem
388 2699 449 2736 cum
467 2683 572 2737 cithara
589 2683 674 2737 dedit.

233 2755 305 2824 llrgo
324 2757 499 2821 Quinctilium
516 2761 666 2826 perpetuus
684 2772 764 2824 sopor

232 2829 334 2898 Urget!
353 2831 397 2883 cui
416 2831 510 2884 Pudor
528 2835 557 2886 et
575 2831 706 2885 Justitiae
724 2848 799 2886 seror

233 2903 395 2973 Incorrupta
414 2905 497 2960 Fides
515 2907 642 2975 nudaque
661 2907 772 2960 Veritas

266 2980 381 3042 Quando
398 2981 483 3034 ullum
501 2983 623 3035 inveniet
640 2984 750 3048 pareml

232 3051 328 3105 Multis
346 3054 391 3107 illc
408 3055 485 3109 bonis
504 3057 600 3110 flebilis
618 3057 724 3116 occidit,

233 3123 307 3179 Nulli
325 3127 439 3182 flebilior
456 3145 537 3198 quam
556 3130 615 3194 tibi,
635 3129 739 3194 Vir-gili.
