2116 3424
323 167 496 220 cARlffltU
498 170 528 219 Μ
545 169 584 222 IL
604 173 642 224 le.
873 179 900 229 8¹}

161 248 219 310 hoo
234 248 378 303 iortm'tum
394 267 526 318 spernere
543 252 691 319 caespitem

161 321 249 394 Leges
266 323 400 392 sinebant,
418 325 520 394 oppidu
536 326 645 394 publico

193 397 310 467 sumptu
323 399 456 467 jubentes
473 404 504 454 et
521 401 634 454 deorum

226 473 339 542 Temple
355 490 426 529 noro
443 475 572 530 decorare
590 490 664 534 sexo.
882 492 906 534 et

160 696 350 773 Oriundivos
367 701 446 768 roget
462 698 492 752 in
508 701 623 768 petente

162 771 281 834 Prensus
300 775 419 842 Aegaeo,
438 773 517 828 simul
534 778 595 828 utre
612 773 700 830 nubes

161 847 291 908 (londidit
307 847 400 903 lunam
416 865 508 919 neque
524 853 602 906 certe
617 849 725 919 fugent

190 923 293 978 Sidere
309 923 418 990 neutis3
492 947 497 961 ·

159 997 254 1054 etium
271 998 343 1052 bello
358 999 461 1053 furiose
478 999 591 1067 Thrace,

159 1071 254 1130 Otium
271 1073 349 1128 Medi
366 1073 498 1143 pheretro
514 1073 614 1140 decori,
707 1083 710 1092 ‘

159 1147 290 1217 Grospho,
307 1165 362 1202 uon
378 1150 493 1217 gemmis
510 1165 602 1219 neque
618 1165 740 1220 purpura
756 1166 802 1207 vs-

192 1224 254 1278 nelo
271 1241 361 1293 neque
378 1241 453 1280 euro.

159 1297 221 1352 Non
239 1299 311 1353 enim
328 1316 410 1367 gazeo
427 1316 517 1370 neque
535 1299 682 1354 consularis

160 1372 317 1430 Summovet
333 1374 414 1428 lictor
430 1375 544 1428 miseros
561 1376 697 1432 tumultus
878 1391 906 1432 uo

160 1447 262 1504 Mentis
279 1452 310 1503 et
326 1465 406 1504 mures
422 1449 551 1519 lequeeta
567 1450 670 1506 choum

193 1523 277 1578 Tecta
293 1524 424 1580 volentes.
473 1573 479 1584 .

113 1665 118 1676 ⁸
159 1595 269 1654 Vivitur
284 1615 369 1668 perro
385 1599 457 1654 bene
475 1600 519 1654 cui
536 1603 682 1668 paternum

161 1672 292 1742 Splendet
308 1674 338 1728 in
355 1691 449 1730 mensa
465 1676 542 1730 tenid
560 1675 683 1742 salinum,

160 1747 186 1802 N
188 1765 218 1803 ec
235 1749 435 1804 leves'eomnos
452 1751 535 1805 timor
552 1755 601 1804 aut
618 1753 717 1820 cupido
883 1767 906 1810 lt

194 1823 328 1879 Sordidus
345 1825 443 1880 aufert.

161 1896 232 1962 Quid
249 1899 327 1954 brevi
344 1900 430 1956 fortes
442 1899 598 1969 jaculemur
614 1916 683 1956 sevo

47 1971 51 1984 '
160 1971 265 2030 Multel
300 1974 374 2040 Quid
390 1979 479 2030 terrm
496 1976 550 2030 elio
567 1977 689 2030 calentes

160 2047 220 2104 Sole
237 2052 395 2106 mummusr
431 2051 541 2106 Patriae
560 2052 621 2121 quis
638 2052 716 2107 exsul

192 2125 228 2178 Se
245 2141 355 2194 quoque
372 2125 464 2193 fugitl

160 2198 273 2254 Seendit
290 2203 399 2256 aeratus
415 2200 513 2254 vitiose
529 2217 614 2256 neves

159 2273 231 2328 dure
246 2291 298 2330 uec
315 2279 420 2330 turmas
437 2277 561 2344 equitum
578 2276 716 2346 relinquit,

159 2346 239 2402 Ocior
256 2351 343 2404 cervis
360 2353 391 2404 et
407 2353 507 2418 egente
524 2350 631 2405 nimbos
674 2411 678 2420 ,

192 2422 273 2478 Ocior
291 2425 372 2479 Iluro.

159 2496 260 2554 Lcetm
276 2499 305 2554 in
322 2515 452 2568 praesens
473 2501 586 2556 enimus.
597 2502 671 2572 quod
687 2502 761 2558 ultra
778 2505 822 2559 est
881 2520 904 2560 ss

159 2571 256 2629 Oderit
273 2590 370 2630 curere
387 2579 417 2631 et
434 2577 619 2630 amarulente

158 2647 304 2718 Temperet
321 2650 395 2715 risu;
412 2650 479 2706 nihil
496 2655 540 2706 est
557 2651 593 2706 ab
610 2652 683 2708 omui

191 2724 278 2786 Parte,
291 2724 411 2780 beatum.

159 2799 284 2855 Abstulit
301 2800 404 2854 clarum
421 2800 477 2856 cite
493 2815 567 2854 mors
585 2801 729 2871 Achillem,

157 2873 251 2944 Longe
268 2875 412 2930 Tithonum
429 2877 528 2930 minuit
546 2882 678 2944 senectus,
876 2895 901 2936 eo

157 2947 194 3004 Et
211 2950 278 3004 mihi
295 2952 386 3005 forsan
403 2951 456 3005 tibi
474 2951 549 3020 quod
565 2951 672 3019 negarit

189 3025 316 3094 Poniget
333 3027 407 3080 hera.
549 3071 551 3078 .

155 3098 307 3169 'segreges
325 3105 434 3154 centum
453 3098 613 3165 Siculaeque
630 3098 732 3154 circum

154 3173 282 3246 Mugiunt
299 3185 404 3241 vaccas,
422 3173 473 3228 tibi
489 3171 561 3224 tollit
578 3171 715 3226 hinnitum
