2126 3410
89 147 137 200 74.

362 150 515 200 HORATII
532 150 662 199 FLACCI

226 231 253 284 N
255 247 288 282 on
305 229 393 295 hydra
411 226 485 282 secto
503 245 616 296 corpore
635 229 740 282 firmior

226 303 306 358 Vinci
324 304 463 357 dolentem
481 304 566 356 crevit
583 304 611 356 in
630 303 787 374 Herculem,

260 379 450 433 Monstrumve
468 378 618 431 submisere
636 378 729 432 Colchi

295 453 385 507 Maius
404 453 583 506 Echioniaeve
601 451 719 507 Thebae.

208 589 213 597 ,
227 528 333 584 Marses
350 529 492 597 profundo,
510 527 647 595 pulchrior
665 528 771 588 evenit:
920 535 954 575 cs

227 605 352 671 Laetera,
371 604 457 657 multa
473 609 585 671 proruet
602 603 741 669 integrum

260 679 334 734 Cum.
346 678 428 732 laude
445 678 575 732 victorem
593 685 730 745 geretque
765 687 767 690 ·

295 754 402 807 Proelia
419 753 580 821 conjugibus
597 753 741 820 loquenda.

227 828 390 896 Karthagini
403 827 463 895 jam
480 843 534 880 non
552 843 602 894 ego
620 827 731 880 nuntios
759 834 762 841 '
810 834 814 884 ἶ

135 917 147 936 ·
226 903 338 957 Mittam
356 902 498 971 superbos:
517 903 623 969 occidit,
642 903 742 958 occidit
920 920 951 960 ro

158 989 169 1005 ·
261 977 330 1046 Spes
348 979 434 1030 omnis
451 981 481 1031 et
498 977 607 1030 fortuna
624 979 710 1030 nostri
769 1025 770 1028 ,

293 1053 418 1105 Nominis
437 1052 611 1106 Hasdrubale
628 1051 804 1120 interempto.

226 1125 273 1180 Nil
292 1127 421 1180 Claudiae
439 1143 492 1180 non
509 1128 652 1194 perficient
669 1145 772 1196 manus,

226 1202 299 1266 Quas
317 1205 345 1254 et
362 1201 479 1270 benigno
497 1202 608 1254 numine
626 1201 756 1270 Juppiter

259 1275 391 1330 Defendit
409 1280 438 1329 et
456 1293 537 1330 curae
555 1293 666 1343 sagaces
779 1314 783 1319 -
921 1293 951 1334 aa

265 1346 275 1360 ⁸
292 1350 451 1420 Expediunt
467 1367 517 1420 per
534 1357 614 1405 acuta
631 1351 705 1408 belli.
814 1414 817 1420 ,

490 1495 525 1551 V.

224 1575 305 1632 Drms
323 1579 382 1632 orte
399 1575 484 1636 bonis.
503 1577 605 1645 optime
624 1577 756 1632 Romulae

224 1651 322 1705 Custos
339 1653 436 1720 gentle,
455 1653 521 1705 abes
534 1652 593 1720 jam
611 1653 723 1706 nimium
743 1652 806 1720 diu3

222 1725 364 1780 Maturum
381 1727 500 1780 reditum
518 1728 654 1796 pollicitus
670 1739 781 1796 patrum
812 1745 814 1762 ³

257 1802 355 1856 Sancto
372 1803 483 1856 concilio
501 1803 568 1855 redi.

223 1875 323 1930 Lucem
341 1877 427 1932 redde
444 1882 516 1945 tuae,
535 1878 590 1930 dux
608 1876 686 1946 bone,
703 1878 809 1946 patriae
926 1897 944 1938 ε

223 1951 315 2006 Instar
332 1953 403 2006 reris
421 1953 493 2006 enim
511 1954 601 2006 vultus
619 1953 666 2005 ubi
684 1957 748 2006 tuus

222 2025 457 2094 Affulsitrpopulo,
475 2029 579 2094 gratior
596 2029 618 2083 it
637 2029 697 2082 dies

255 2101 292 2154 llt
310 2101 379 2153 soles
397 2103 492 2155 melius
509 2104 605 2157 nitent.

220 2173 261 2227 Ut
277 2174 390 2228 mater
377 2191 514 2245 juvenem,
533 2195 614 2246 quem
633 2179 722 2233 Notus
740 2151 833 2234 invido

221 2247 301 2302 Flatu
319 2249 419 2318 Carpat
407 2251 487 2306 thiit
475 2257 550 2306 trans
568 2255 650 2306 maris
668 2271 786 2322 aequora
908 2272 935 2312 10

220 2323 355 2378 Cunctant
344 2331 399 2378 tem
417 2329 504 2395 spatio
522 2329 627 2396 longius
645 2346 734 2382 annuo

253 2399 331 2454 Dulci
350 2402 462 2457 distinet
479 2405 600 2471 adonio,
701 2453 705 2468 ,
811 2433 813 2441 ’

218 2471 282 2528 vot·
262 2479 298 2528 trs
316 2477 503 2547 ominibusque
520 2484 549 2532 et
566 2480 691 2548 precibus
709 2488 795 2550 voert,

218 2548 307 2603 Curvo
325 2568 375 2605 nec
391 2553 487 2606 faciem
504 2555 597 2608 littore
614 2555 756 2611 demovet·

217 2623 262 2678 sie
280 2626 422 2681 desideriis
439 2629 494 2682 iota
511 2629 638 2683 fidelibus
821 2689 823 2693 ,

251 2701 364 2766 Quaerit
381 2697 470 2771 patria
487 2705 638 2760 Caesarem.
719 2727 724 2756 ι

215 2773 301 2830 'lutus
319 2777 368 2832 bos
385 2780 486 2832 etenim
504 2796 568 2834 rura
584 2779 764 2849 perambulat,

215 2849 242 2904 N
244 2853 312 2905 utrit
329 2870 392 2906 rura
410 2854 492 2908 Ceres
508 2855 633 2924 almaque
652 2857 799 2924 Faustitas,

216 2924 346 2979 Pacatum
364 2928 430 2981 volit
418 2932 478 2981 tant
495 2945 545 2996 per
563 2947 637 2983 mare
655 2932 770 2998 navitae,

250 2999 358 3066 Culpam·
376 3003 474 3056 metuit
492 3003 580 3071 Fides,
900 3033 923 3072 ῃ

216 3069 305 3124 Nullis
321 3075 451 3140 polluitur
469 3079 543 3129 casta
560 3045 656 3132 ‹iomns
674 3080 784 3147 stupris,

216 3142 277 3195 Mos
295 3149 323 3198 et
311 3147 384 3198 tlex
402 3150 562 3203 maculosum
581 3153 702 3206 edomuit
718 3156 803 3222 nefas,
