2144 3420
305 473 368 538 DE
396 474 522 539 ARTE
551 471 752 540 POETIOA

457 660 594 719 LIBER

101 870 234 926 Humeuo
251 872 334 942 capiti
353 873 487 928 cervicem
503 873 593 943 pieter
609 873 736 944 equinam

9 965 11 968 ·
101 946 228 1014 Juugere
245 947 270 1001 si
286 947 360 1016 velit,
378 952 407 1002 et
424 949 512 1002 varias
529 947 659 1004 inducere
676 948 782 1017 plumae

101 1021 235 1090 Undique
252 1022 357 1076 cellatis
374 1023 512 1091 membris,
529 1028 562 1078 ut
579 1024 697 1092 turpiter
714 1027 804 1077 atrum

103 1094 221 1150 Desinat
237 1097 266 1150 in
284 1098 385 1165 piscem
401 1099 500 1151 mulier
517 1098 635 1152 formosa
652 1115 777 1167 superne,

103 1171 264 1240 Spectatum
282 1172 393 1226 admissi
410 1172 496 1226 risum
512 1175 638 1241 teneatis,
657 1174 754 1228 amicit
938 1182 952 1225 t

103 1245 224 1314 Credite,
243 1242 362 1320 Pisenes,
379 1247 427 1301 isti
444 1248 555 1302 tabulae
571 1248 630 1302 iere
647 1249 747 1302 librum

105 1321 276 1375 Persimilem
293 1323 378 1390 eujus,
396 1323 473 1378 velut
489 1324 565 1391 aegri
582 1325 692 1392 somnia,
710 1339 807 1387 vanae,

104 1397 257 1464 Fingentur
274 1398 385 1467 speeies,
402 1401 435 1453 ut
451 1415 502 1452 nee
518 1415 567 1466 pes
585 1414 635 1452 nee
651 1401 733 1466 eaput
749 1397 796 1451 uni

104 1471 250 1526 Reddatur
266 1473 376 1527 formae.
409 1472 586 1527 “Pieteribus
602 1476 686 1540 atque
703 1471 792 1540 poetis

104 1546 248 1611 Quidlibet
265 1547 385 1602 audendi
403 1563 511 1616 semper
527 1547 580 1601 fuit
598 1563 685 1616 sequa
701 1545 846 1616 potestas?
927 1561 949 1600 re

104 1619 212 1675 Scimus
223 1625 252 1690 et
263 1622 333 1676 hane
344 1623 451 1677 veniam
463 1623 635 1692 petimusque
647 1623 797 1690 damusque
809 1619 940 1685 vicissim

10 1723 11 1788 ,
104 1697 163 1750 Sed
178 1713 233 1750 nen
250 1701 282 1751 ut
298 1697 419 1766 placidis,
430 1701 527 1752 coeant
543 1697 668 1764 immitia,
685 1713 739 1750 nen
756 1701 788 1751 ut

10 1795 11 1820 r
105 1772 253 1840 Serpentes
270 1772 365 1826 avibus
382 1772 563 1841 geminentur,
582 1772 700 1840 tigribus
718 1773 788 1840 agni.

106 1846 229 1915 Ineeptis
245 1847 374 1914 gravibus
391 1848 552 1915 plerumque
570 1851 599 1901 et
616 1863 714 1915 magna
729 1847 857 1914 professis

11 1917 13 1952 ⁹
106 1922 272 1990 Purpureus,
290 1923 346 1976 late
364 1923 412 1991 qui
430 1923 579 1990 splendeat,
597 1939 667 1976 unus
685 1925 715 1976 et
731 1922 799 1976 alter
929 1934 951 1974 1⁵

12 2047 13 2072 ἦ
107 1997 246 2065 Adsuitur
262 2013 374 2065 pannus,
393 1995 454 2050 c'um
470 1997 547 2050 lucus
564 2001 593 2052 et
610 2012 657 2050 ara
674 1995 779 2050 Dianae

12 2079 13 2108 ³
106 2072 145 2124 Et
162 2073 334 2140 properantis
351 2088 439 2140 aquae
456 2089 507 2141 per
524 2088 651 2129 amoenos
668 2071 787 2126 ambitus
805 2087 892 2140 agros,

13 2207 14 2214 ἵ
107 2149 168 2200 Aut
185 2147 285 2202 flumen
304 2147 430 2202 Rhenum
449 2151 498 2202 aut
514 2147 622 2216 pluvius
641 2147 805 2202 describitur
822 2163 915 2211 arcus3

106 2222 164 2276 Sed
181 2239 254 2276 nunc
270 2239 324 2290 nen
342 2227 403 2277 erat
420 2223 463 2276 his
480 2223 561 2276 locus.
582 2223 633 2277 st
650 2223 764 2276 fortasse
781 2236 938 2290 cupressum

106 2297 166 2352 Scis
184 2297 325 2353 simulare:
349 2297 417 2366 quid
433 2297 491 2366 hoe,
510 2298 533 2350 si
550 2297 646 2350 fractis
663 2300 757 2351 enatat
774 2312 871 2364 exspes
927 2311 951 2350 se

106 2371 231 2426 Navibus
241 2388 311 2442 ¹aere
329 2372 394 2427 date
412 2373 459 2440 qui
476 2372 617 2441 pingitur?
653 2371 794 2438 Amphora
809 2371 898 2439 eoepit

14 2449 16 2484 '³
107 2447 391 2516 Instituipcurrente
401 2451 463 2501 rota
480 2464 528 2501 eur
545 2462 647 2507 urceus
659 2447 734 2500 exiti

106 2522 234 2592 Denique
251 2523 288 2576 sit
305 2522 413 2592 quidvis
430 2523 545 2592 simplex
563 2522 708 2576 dumtaxat
723 2523 753 2576 et
769 2536 860 2575 uuum.

106 2597 229 2652 Maxima
245 2613 309 2666 pars
326 2602 427 2665 vatrmr,
447 2603 528 2666 pater
546 2600 576 2651 et
589 2597 707 2666 juvenes
723 2598 804 2665 patre
821 2595 905 2663 digni,

107 2672 267 2742 Decipimur
284 2674 374 2742 specie
391 2673 472 2728 recti:
495 2672 587 2727 brevis
605 2687 665 2728 esse
682 2671 782 2739 labere,
929 2683 953 2724 rs

106 2747 247 2802 Obscurus
265 2748 315 2814 fi03
339 2749 491 2802 sectantem
508 2747 578 2802 levia
595 2748 673 2802 nervi

107 2823 247 2878 Deficiunt
264 2823 417 2892 animique3
440 2823 578 2892 professus
595 2822 711 2890 grandia
727 2823 835 2888 turget3

107 2899 202 2968 Serpit
213 2899 295 2958 ,humi
312 2903 390 2952 tutus
407 2897 520 2952 nimium
537 2897 706 2962 timidusque
723 2895 873 2965 procellae,

107 2974 161 3038 Qui
179 2975 284 3027 variare
301 2973 376 3042 eupit
393 2989 453 3028 rem
469 2971 660 3042 prodigialiter
676 2988 765 3037 unam,

107 3047 274 3116 Delphinum
292 3049 366 3102 silvis
383 3048 515 3117 appingit,
532 3047 660 3101 fluetibus
677 3061 781 3114 aprum.
929 3069 952 3108 30

109 3123 145 3178 Iu
158 3121 259 3179 riuum
277 3123 354 3178 ducit
370 3123 467 3193 eulpae
483 3122 549 3190 luga
566 3123 589 3176 si
607 3124 682 3176 earet
699 3123 766 3175 arte.
