2126 3410
132 145 179 196 uu
401 143 716 193 :Houamnnaecr

1050 75 1051 106 l

133 221 298 275 Graecorum
315 222 396 290 longe
414 223 603 288 doctissimus;
620 223 685 277 inde
704 223 804 278 Forum
824 223 905 294 Appi,
937 276 939 280 ,
1050 201 1051 286 i

133 294 279 350 Diiiertum
296 299 386 351 nautis
404 298 569 366 cauponibus
586 302 669 367 atque
687 299 818 366 malignis
1050 293 1051 368 l

134 371 195 425 Hoc
212 372 267 426 iter
284 373 374 442 ignavi
392 373 539 439 divisimus,
557 375 638 427 altius
656 391 686 427 ac
703 390 752 427 nos
872 387 882 404 ¹
970 389 985 430 ο
1050 369 1051 408 l

134 447 301 502 Praecinctis
317 465 419 514 unum;
436 450 525 502 minus
544 453 586 503 est
603 449 693 516 gravis
712 449 803 526 Appia
819 449 915 504 tardis.
1050 411 1051 492 i

134 521 190 576 Hic
207 540 258 592 ego
275 528 391 596 propter,
405 541 510 592 aquam,
529 524 604 594 quod
621 527 681 578 erat
699 524 854 592 deterrima,
873 525 963 580 ventri

134 597 231 652 Indico
248 599 357 666 bellurn,
376 603 520 655 coenantes
537 599 611 652 haud
629 600 718 652 animo
735 615 821 667 aequo

133 672 304 742 Exspectans
321 676 440 728 comites.
451 695 456 703 ·’
476 675 544 728 ,Iam
558 692 613 728 uox
630 675 758 730 inducere
775 674 859 728 terris

127 747 253 803 Umbras
270 753 299 804 et
315 750 390 804 caelo
408 750 570 804 diffimdere
580 751 656 818 signa
673 749 804 818 parabat;
958 763 984 806 ro

134 823 203 877 Tum
220 825 298 893 pueri
315 826 411 892 nautis,
429 827 522 893 pueris
540 825 660 884 convicia
676 829 775 879 nautae
824 863 832 880 a

135 897 272 968 ingerere.
307 900 370 954 Huc
387 901 509 968 appelle!
547 900 694 953 Trecentos
712 899 824 953 inseris:
842 897 893 954 ohe
1050 929 1051 978 p

133 973 198 1027 Jam
216 976 282 1028 satis
300 980 358 1030 est!
395 975 468 1028 Dum
486 991 532 1028 aes
550 975 677 1042 exigitur,
695 975 760 1028 dnm
779 975 853 1028 mula
870 975 980 1044 ligatur,
1050 979 1051 1052 l

134 1047 203 1103 Tota
219 1050 278 1104 abit
295 1051 367 1104 hora
403 1050 469 1103 Mali
487 1051 585 1104 culices
602 1067 736 1120 ranaeque
753 1051 889 1117 palustres
1050 1057 1051 1124 l

133 1125 272 1178 Avertunt
290 1141 402 1193 saumas,
420 1125 560 1180 absentem
577 1130 608 1180 ut
625 1122 718 1180 cantat
734 1127 847 1180 amicam
943 1143 982 1194 =rs
1050 1125 1051 1146 ¹

133 1199 223 1253 Multa
239 1201 361 1269 prolutus
378 1217 466 1270 vappa
482 1207 566 1256 nauta
584 1206 667 1271 atque
686 1202 772 1254 viator

134 1275 273 1330 Certatim.
309 1276 429 1330 Tandem
446 1278 534 1331 fessus
551 1277 670 1330 dormire
687 1278 775 1330 viator

134 1349 241 1419 Incipit,
260 1369 290 1405 ac
307 1352 405 1406 missae
422 1357 530 1421 pastum
548 1353 695 1407 retinacula
712 1353 801 1406 mulae

133 1425 160 1480 N
161 1432 225 1482 aute
242 1429 319 1497 piger
330 1446 401 1482 saxo
418 1430 517 1497 religat
534 1431 682 1498 stertitque
699 1429 817 1497 supinus

132 1502 252 1572 Jamque
269 1505 328 1556 dies
345 1504 448 1570 aderat,
467 1506 504 1558 nil
522 1521 582 1558 cum
602 1503 751 1572 procedere
769 1503 878 1559 lintrem
957 1523 982 1562 ao

133 1578 278 1648 Sentimus,
296 1580 382 1634 donec
399 1579 557 1634 cerebrosus
573 1581 680 1648 prosilit
696 1595 767 1632 unus

133 1656 176 1708 Ac
193 1656 282 1709 mulae
299 1660 453 1724 nautaeque
471 1659 553 1724 caput
570 1655 731 1724 lumbosque
749 1655 852 1722 saligno

133 1728 219 1784 Fuste
237 1732 326 1784 dolat:
345 1735 443 1799 quarta
460 1731 506 1784 vix
524 1732 633 1782 densum
652 1731 810 1798 exponimur
825 1730 897 1784 hora

133 1805 189 1858 Ora
206 1810 421 1874 manusquetua
438 1806 559 1871 lavimus,
578 1805 701 1871 Feronia,
719 1805 835 1873 lympha
1050 1787 1051 1860 i

132 1880 220 1936 Millia
236 1886 295 1936 tum
312 1883 402 1950 pransi
421 1883 474 1936 tria
491 1883 609 1947 repimus
627 1885 710 1948 atque
728 1880 849 1934 subimus
956 1897 983 1937 aa
1050 1867 1051 1918 i

133 1957 295 2026 Impositum
314 1959 385 2010 saxis
403 1958 458 2010 late
477 1956 656 2010 candentibus
676 1957 779 2008 Anxur.

133 2031 196 2086 Huc
214 2036 343 2086 venturus
360 2037 419 2086 erat
431 2033 581 2096 ¹Maecenas
598 2031 722 2100 optimus·
735 2035 819 2100 atque
1050 2031 1051 2094 l

133 2109 266 2175 Cocceius,
285 2108 359 2161 missi
376 2108 480 2174 magnis
498 2107 533 2160 de
550 2107 634 2160 rebus
651 2111 767 2176 uterque
809 2145 812 2150 -
1050 2099 1051 2166 l

132 2182 238 2252 Legati,
256 2200 363 2236 aversos
381 2183 453 2236 soliti
471 2199 631 2251 componere
649 2183 755 2236 amicos.
1050 2185 1051 2222 l

127 2259 187 2312 ·Hic
205 2259 288 2312 oculis
305 2275 355 2326 ego
372 2259 451 2326 nigra
468 2259 537 2311 meis
554 2257 664 2327 collyria
681 2258 770 2326 lippus
949 2269 978 2310 ae

132 2335 251 2389 Illinere.
286 2335 398 2388 Interea
415 2334 558 2388 Maecenas
576 2333 688 2388 advenit
705 2339 788 2403 atque

132 2411 260 2465 Cocceius
278 2410 428 2477 Capitoque
446 2409 525 2462 simul
543 2410 680 2473 Fonteius,
698 2409 734 2462 ad
751 2423 867 2476 unguem

132 2487 231 2541 Factus
249 2486 336 2550 honio,
356 2485 459 2538 Antoni
477 2502 531 2538 non
549 2489 581 2538 ut
598 2485 686 2552 magis
702 2485 771 2538 alter
788 2485 896 2540 amous

132 2561 243 2617 Fundos
262 2560 372 2613 Aufidio
391 2561 477 2614 Lusco
494 2564 620 2629 praetore
637 2561 755 2615 libenter

131 2636 298 2705 Linquimus,
316 2636 402 2689 insani
420 2636 540 2690 ridentes
558 2637 678 2704 praemia
696 2636 807 2704 scribae,
955 2653 981 2694 nt

131 2713 307 2766 Praetextanr
324 2717 353 2766 et
370 2713 454 2764 latmn
472 2712 577 2765 clavum
594 2728 752 2780 prunaeque
770 2711 900 2768 batillum.

131 2788 165 2841 Iu
183 2788 382 2841 Mamurrarum
400 2787 463 2840 lassi
481 2787 582 2840 deiude
599 2787 667 2841 urbe
684 2804 830 2856 manemus,

131 2863 246 2914 Murena
263 2863 413 2929 praebente
431 2863 548 2929 domum,
567 2862 699 2930 Capitone
716 2863 837 2917 cuinam

131 2935 246 2988 Postera
262 2936 309 2987 lux
326 2937 414 2988 oritur
431 2939 516 2991 multo
533 2938 704 3004 gratissima;
722 2955 838 3008 namque

132 3007 237 3060 Plotius
254 3013 282 3062 et
300 3009 400 3062 Varius
418 3011 560 3065 Sinuessae
579 3013 765 3082 Virgiliusque
953 3033 978 3072 re

131 3081 291 3147 Occurrunt,
308 3085 413 3138 animae
431 3086 524 3152 quales
542 3097 630 3154 neque
648 3089 818 3143 candidiores

131 3153 216 3208 'ferra
232 3155 297 3210 tulit
313 3173 401 3225 neque
419 3160 479 3226 quis
497 3177 541 3214 me
560 3162 596 3214 sit
613 3162 763 3217 devinctior
780 3163 856 3221 alter.
