2144 3420
375 118 590 168 sarmarum
607 83 643 168 ιι.
662 122 685 167 a
707 113 716 128 ·
895 123 944 176 aar

90 193 244 252 Ridiculus
261 200 333 252 totas
351 195 435 258 seurel
452 197 598 252 obsorbere
615 197 768 267 placentam

90 271 290 326 Nomentanus
307 271 418 338 adhoc,
436 273 483 342 qui
501 273 524 326 si
541 272 696 341 quidforte
714 272 828 328 lateret¹
923 293 934 330 a

93 347 199 400 Indice
216 350 381 414 monstraret
397 347 498 414 digito:
516 364 580 405 uam
597 351 689 400 cetera
706 348 795 415 turba,

94 422 170 488 Nos,
186 421 304 489 iuquam,
321 437 464 486 coenamus
481 437 552 488 aves,
570 422 713 490 conchylia,
730 423 825 491 pisces,

16 559 17 564 ἵ
93 493 197 562 Longe
213 495 373 564 dissimilem
389 500 454 553 noto
471 496 587 552 celantia
604 513 727 561 succum3

94 571 142 624 Ut
161 570 204 622 vel
222 571 348 625 continuo
364 572 461 639 patirit,
478 587 540 625 cum
556 571 675 640 passeris
692 575 776 641 atque

16 649 18 686 l
96 645 248 716 Ingustata
264 645 330 698 mihi
346 650 504 714 porrexerat
521 646 568 700 ilia
585 645 697 700 rhombi.
766 665 768 670 ·

16 717 17 720 ’
97 719 172 774 Post
188 719 239 773 hoc
255 735 301 786 me
317 720 410 774 docuit
426 720 562 774 melimela
578 719 678 774 rubere
695 721 827 777 minorem

16 797 17 848 l
99 794 152 848 Ad
169 794 261 847 lunam
278 794 391 848 delecta
426 795 499 858 Qud
515 795 566 848 hoc
582 795 692 849 intersit
709 796 768 849 ab
761 814 820 864 rpso

16 895 17 926 ι
99 859 236 922 Audieris
253 870 366 924 melius
392 869 460 923 Τιιιιι
478 869 606 922 Vibidius
625 871 777 926 Balatroni:

99 943 164 998 Noa
180 943 233 996 nisi
250 943 379 998 damnose
396 943 516 998 bibimus
532 945 687 997 moriemur
695 945 787 1002 inulti:

99 1019 141 1073 lit
160 1018 256 1072 calices
272 1019 360 1088 poscit
377 1019 430 1087 maj
434 1035 513 1076 ores„
537 1019 654 1072 Vertere
672 1021 757 1087 pallor
926 1038 950 1076 aa

100 1093 174 1146 'lum
191 1093 301 1162 parochi
317 1094 414 1148 faciem
418 1037 469 1147 Jnil
487 1094 526 1147 sic
542 1095 689 1147 metuentis
705 1098 738 1148 ιιι
754 1112 831 1150 acres

102 1169 228 1236 Pctcree,
245 1168 288 1222 rel
306 1167 380 1238 qnod
396 1168 467 1232 male
484 1169 578 1225 dicunt
594 1169 706 1222 liberius
723 1171 766 1224 vel

102 1243 225 1296 Fervida
241 1244 315 1312 qnod
332 1243 432 1307 subtile
449 1243 599 1303 exsurdant
616 1245 679 1298 vina
696 1245 824 1314 palatum.

16 1365 17 1374 ,
103 1319 253 1372 Invertunt
272 1318 397 1371 Allifanis
413 1319 516 1372 vinaria
532 1321 592 1372 tota
626 1343 629 1348 ·

16 1419 17 1428 ι
102 1391 234 1446 Vibidius
253 1393 425 1460 Balatroque,
444 1392 544 1446 secutis
560 1392 700 1458 omuibus;
717 1395 765 1448 imi
929 1411 952 1450 ιι

102 1467 241 1522 Convivae
257 1467 322 1521 lecti
338 1467 451 1520 nihilum
468 1483 584 1522 nocuere
601 1467 712 1536 lagenis.

104 1542 231 1597 Affertur
248 1542 358 1611 squillas
375 1542 448 1596 inter
464 1557 593 1596 muraena
609 1546 734 1597 natantes
938 1611 941 1616 Ι

103 1617 379 1686 Inpatinaporrecta.
396 1616 949 1688 Subhochernsz‘Haecgmvida’inqnit,
979 1617 982 1624 ‘

104 1692 211 1760 ‘Capta
227 1695 278 1758 est,
296 1691 421 1760 deterior-
432 1695 495 1760 post
511 1695 619 1760 partum
637 1708 717 1746 came
734 1692 833 1748 lutura.

101 1767 162 1821 His
178 1766 294 1820 mixtmu
307 1766 355 1834 jus
372 1769 430 1820 est:
448 1766 508 1820 oleo
525 1766 599 1835 quod
613 1767 700 1834 prima
718 1767 830 1822 Venafri
928 1794 950 1834 45

104 1841 214 1895 Pressit
230 1841 313 1906 cella3
329 1857 395 1908 garo
412 1842 448 1894 de
465 1842 551 1894 succis
568 1841 649 1908 piscis
667 1841 777 1907 Hiberi3
803 1887 806 1894 .

104 1916 182 1968 Vino
200 1915 373 1984 quinquenni,
390 1931 485 1969 vorum
503 1915 571 1968 citra
587 1932 662 1970 mare
679 1919 751 1983 nato,

104 1991 183 2044 Dum
200 1991 441 2060 coquitur-cocto
453 1990 551 2054 Chium
569 1990 608 2044 sic
624 1991 755 2058 convenit,
772 1988 875 2046 utnon

105 2067 171 2120 Hoc
188 2066 274 2134 magia
291 2066 376 2119 ullum
393 2065 469 2119 aliud
477 2066 620 2133 ;-pipere
628 2065 697 2134 albo,
714 2082 767 2118 non
786 2067 844 2121 sine
861 2071 945 2133 aceto,

106 2141 190 2204 Quod
207 2141 267 2194 Met
250 2141 427 2228 thymnaeam
444 2140 510 2194 vitio
527 2141 674 2194 mutaverit
691 2157 778 2195 uram.
922 2158 945 2196 cc

106 2217 213 2270 Erucas
231 2201 349 2284 virides,¹
349 2215 444 2268 inulas
462 2231 523 2282 ego
528 2215 632 2284 primus
645 2233 754 2269 amaras

106 2291 285 2344 Monstraai'
278 2307 429 2377 incoquere,
447 2291 548 2345 inlutos
566 2291 695 2345 Curtillus
713 2291 829 2359 echinos,

106 2365 151 2418 Ut
168 2364 265 2419 mellus
282 2367 370 2433 muria
387 2366 461 2434 quod
478 2369 550 2420 testa
566 2365 670 2419 marina
686 2359 823 2421 remittat'

107 2442 224 2496 Interea
240 2453 370 2509 suspensa
386 2457 481 2508 graves
499 2441 592 2494 aulaea
608 2441 699 2492 ruinas
952 2505 958 2514 Ι

105 2518 146 2571 In
163 2515 284 2585 patinam
301 2515 399 2583 fecere,
416 2515 554 2570 trahentia
569 2515 688 2584 pulveris
705 2515 758 2569 atri
925 2517 948 2556 ⁶⁵

108 2593 322 2656 Quantumuou
341 2591 442 2660 Aquilo
461 2590 604 2660 Campanis
622 2589 726 2644 excitat
741 2591 819 2656 agris.

107 2666 170 2720 Nos
188 2666 276 2734 majus
294 2666 375 2720 veriti
392 2669 537 2736 postquam
554 2665 620 2718 nihil
638 2681 698 2719 esse
715 2665 809 2733 pericli

109 2741 252 2795 Sensimus
270 2742 407 2809 erigimur.
443 2741 530 2794 Rufus
546 2740 634 2809 posito
652 2739 748 2808 capite,
766 2741 798 2792 ut
816 2736 839 2792 sl

110 2815 200 2870 Filius
217 2817 378 2870 immaturus
396 2816 505 2882 obisset,
523 2816 598 2869 flere.
630 2815 697 2879 Quia
715 2817 788 2867 esset

111 2890 190 2944 Finis
206 2891 236 2944 ni
255 2892 360 2959 sapiens
379 2892 416 2946 sic
435 2891 620 2944 Nomentanus
638 2890 753 2944 amicum
930 2897 952 2936 cc

111 2965 247 3019 Tolleret:
264 2967 362 3032 ‘Heu,
371 2965 498 3030 Fortuna,
517 2966 577 3034 quis
595 2968 638 3017 est
655 2961 835 3016 crudelioria
852 2977 902 3016 noa

113 3039 154 3092 'l'c
172 3040 260 3096 deuel
296 3041 337 3094 Ut
355 3056 463 3108 sempor
479 3041 581 3106 gaudes
599 3038 713 3090 illudere
730 3036 812 3088 rebus

115 3113 276 3170 Humanis?
313 3114 413 3168 Varius
431 3130 529 3182 mappa
546 3124 715 3180 compescere
733 3107 818 3164 risum
