<?xml version="1.0" encoding="UTF-8"?>
<!DOCTYPE html PUBLIC "-//W3C//DTD XHTML 1.0 Transitional//EN"
    "http://www.w3.org/TR/xhtml1/DTD/xhtml1-transitional.dtd">
<html xmlns="http://www.w3.org/1999/xhtml" xml:lang="en" lang="en">
 <head>
  <title>
</title>
<meta http-equiv="Content-Type" content="text/html;charset=utf-8" />
  <meta name='ocr-system' content='tesseract 3.04.00' />
  <meta name='ocr-capabilities' content='ocr_page ocr_carea ocr_par ocr_line ocrx_word'/>
</head>
<body>
  <div class='ocr_page' id='page_1' title='image "./quintihoratiifl00maclgoog_0158.png"; bbox 0 0 2144 3420; ppageno 0'>
   <div class='ocr_carea' id='block_1_1' title="bbox 117 140 691 197">
    <p class='ocr_par' dir='ltr' id='par_1_1' title="bbox 117 140 691 197">
     <span class='ocr_line' id='line_1_1' title="bbox 117 140 691 197; baseline -0.005 -2"><span class='ocrx_word' id='word_1_1' title='bbox 117 143 163 197; x_wconf 78' lang='lat'>146</span> <span class='ocrx_word' id='word_1_2' title='bbox 391 140 544 194; x_wconf 82' lang='lat' dir='ltr'><strong>HORATII</strong></span> <span class='ocrx_word' id='word_1_3' title='bbox 561 141 691 192; x_wconf 83' lang='lat' dir='ltr'>FIACCI</span> 
     </span>
    </p>
   </div>
   <div class='ocr_carea' id='block_1_2' title="bbox 65 219 1059 3141">
    <p class='ocr_par' dir='ltr' id='par_1_2' title="bbox 115 219 975 742">
     <span class='ocr_line' id='line_1_2' title="bbox 115 219 848 290; baseline -0.003 -13"><span class='ocrx_word' id='word_1_4' title='bbox 115 222 183 277; x_wconf 87' lang='lat' dir='ltr'>Pect</span> <span class='ocrx_word' id='word_1_5' title='bbox 184 219 273 275; x_wconf 85' lang='lat' dir='ltr'>inibus</span> <span class='ocrx_word' id='word_1_6' title='bbox 290 221 391 290; x_wconf 85' lang='lat' dir='ltr'>patulis</span> <span class='ocrx_word' id='word_1_7' title='bbox 404 221 494 290; x_wconf 86' lang='lat' dir='ltr'>jactat</span> <span class='ocrx_word' id='word_1_8' title='bbox 511 239 541 276; x_wconf 85' lang='lat' dir='ltr'>se</span> <span class='ocrx_word' id='word_1_9' title='bbox 558 222 638 278; x_wconf 89' lang='lat' dir='ltr'>molle</span> <span class='ocrx_word' id='word_1_10' title='bbox 657 222 848 276; x_wconf 86' lang='lat' dir='ltr'>Tarentum.¹</span> 
     </span>
     <span class='ocr_line' id='line_1_3' title="bbox 115 288 975 365; baseline 0.001 -13"><span class='ocrx_word' id='word_1_11' title='bbox 115 297 142 352; x_wconf 93' lang='lat' dir='ltr'>N</span> <span class='ocrx_word' id='word_1_12' title='bbox 144 314 173 352; x_wconf 86' lang='lat' dir='ltr'>ec</span> <span class='ocrx_word' id='word_1_13' title='bbox 192 288 243 350; x_wconf 91' lang='lat' dir='ltr'>sibi</span> <span class='ocrx_word' id='word_1_14' title='bbox 261 313 405 351; x_wconf 86' lang='lat' dir='ltr'>coenarum</span> <span class='ocrx_word' id='word_1_15' title='bbox 423 297 511 365; x_wconf 80' lang='lat' dir='ltr'>quiris</span> <span class='ocrx_word' id='word_1_16' title='bbox 528 301 634 352; x_wconf 88' lang='lat' dir='ltr'>temere</span> <span class='ocrx_word' id='word_1_17' title='bbox 651 297 766 365; x_wconf 75' lang='lat' dir='ltr'>adroget</span> <span class='ocrx_word' id='word_1_18' title='bbox 783 300 879 364; x_wconf 88' lang='lat' dir='ltr'>artem,</span> <span class='ocrx_word' id='word_1_19' title='bbox 946 311 975 353; x_wconf 70' lang='lat' dir='ltr'>st</span> 
     </span>
     <span class='ocr_line' id='line_1_4' title="bbox 115 372 963 442; baseline -0.001 -16"><span class='ocrx_word' id='word_1_20' title='bbox 115 372 178 426; x_wconf 90' lang='lat' dir='ltr'>Non</span> <span class='ocrx_word' id='word_1_21' title='bbox 195 373 271 441; x_wconf 89' lang='lat' dir='ltr'>prius</span> <span class='ocrx_word' id='word_1_22' title='bbox 289 377 384 440; x_wconf 84' lang='lat' dir='ltr'>exacta</span> <span class='ocrx_word' id='word_1_23' title='bbox 402 373 479 426; x_wconf 90' lang='lat' dir='ltr'>tenui</span> <span class='ocrx_word' id='word_1_24' title='bbox 499 374 605 427; x_wconf 87' lang='lat' dir='ltr'>ratione</span> <span class='ocrx_word' id='word_1_25' title='bbox 626 389 759 442; x_wconf 89' lang='lat' dir='ltr'>saporum</span> <span class='ocrx_word' id='word_1_26' title='bbox 960 393 963 398; x_wconf 46' lang='lat'><em>¹</em></span> 
     </span>
     <span class='ocr_line' id='line_1_5' title="bbox 115 448 758 516; baseline -0.005 -12"><span class='ocrx_word' id='word_1_27' title='bbox 115 448 141 504; x_wconf 94' lang='lat' dir='ltr'>N</span> <span class='ocrx_word' id='word_1_28' title='bbox 144 465 174 504; x_wconf 87' lang='lat' dir='ltr'>ee</span> <span class='ocrx_word' id='word_1_29' title='bbox 192 452 234 502; x_wconf 90' lang='lat' dir='ltr'>sat</span> <span class='ocrx_word' id='word_1_30' title='bbox 235 448 259 502; x_wconf 90' lang='lat' dir='ltr'>is</span> <span class='ocrx_word' id='word_1_31' title='bbox 276 452 320 502; x_wconf 86' lang='lat' dir='ltr'>est</span> <span class='ocrx_word' id='word_1_32' title='bbox 336 465 399 502; x_wconf 90' lang='lat' dir='ltr'>cara</span> <span class='ocrx_word' id='word_1_33' title='bbox 416 450 504 516; x_wconf 82' lang='lat' dir='ltr'><strong>pisces</strong></span> <span class='ocrx_word' id='word_1_34' title='bbox 521 452 647 502; x_wconf 84' lang='lat' dir='ltr'>avertere</span> <span class='ocrx_word' id='word_1_35' title='bbox 664 465 758 501; x_wconf 87' lang='lat' dir='ltr'>mensa</span> 
     </span>
     <span class='ocr_line' id='line_1_6' title="bbox 115 522 840 593; baseline -0.004 -15"><span class='ocrx_word' id='word_1_36' title='bbox 115 523 245 593; x_wconf 89' lang='lat' dir='ltr'>ignarum</span> <span class='ocrx_word' id='word_1_37' title='bbox 263 524 361 593; x_wconf 89' lang='lat' dir='ltr'>quibus</span> <span class='ocrx_word' id='word_1_38' title='bbox 379 531 421 578; x_wconf 85' lang='lat' dir='ltr'>est</span> <span class='ocrx_word' id='word_1_39' title='bbox 434 524 482 592; x_wconf 87' lang='lat' dir='ltr'>jus</span> <span class='ocrx_word' id='word_1_40' title='bbox 500 525 590 592; x_wconf 88' lang='lat' dir='ltr'>aptius</span> <span class='ocrx_word' id='word_1_41' title='bbox 608 528 637 577; x_wconf 89' lang='lat' dir='ltr'>et</span> <span class='ocrx_word' id='word_1_42' title='bbox 656 523 754 592; x_wconf 89' lang='lat' dir='ltr'>quibus</span> <span class='ocrx_word' id='word_1_43' title='bbox 771 522 840 576; x_wconf 84' lang='lat' dir='ltr'>assis</span> 
     </span>
     <span class='ocr_line' id='line_1_7' title="bbox 115 599 846 668; baseline 0 -16"><span class='ocrx_word' id='word_1_44' title='bbox 115 599 273 668; x_wconf 81' lang='lat' dir='ltr'>Languidus</span> <span class='ocrx_word' id='word_1_45' title='bbox 290 601 318 652; x_wconf 91' lang='lat' dir='ltr'>in</span> <span class='ocrx_word' id='word_1_46' title='bbox 337 599 459 653; x_wconf 90' lang='lat' dir='ltr'>cubitum</span> <span class='ocrx_word' id='word_1_47' title='bbox 473 599 532 668; x_wconf 87' lang='lat' dir='ltr'>jam</span> <span class='ocrx_word' id='word_1_48' title='bbox 550 617 580 652; x_wconf 85' lang='lat' dir='ltr'>se</span> <span class='ocrx_word' id='word_1_49' title='bbox 598 599 709 652; x_wconf 86' lang='lat' dir='ltr'>conviva</span> <span class='ocrx_word' id='word_1_50' title='bbox 726 602 846 666; x_wconf 85' lang='lat' dir='ltr'>reponet</span> 
     </span>
     <span class='ocr_line' id='line_1_8' title="bbox 115 673 849 742; baseline -0.004 -12"><span class='ocrx_word' id='word_1_51' title='bbox 115 673 220 730; x_wconf 85' lang='lat' dir='ltr'><strong>Umber</strong></span> <span class='ocrx_word' id='word_1_52' title='bbox 237 679 266 730; x_wconf 90' lang='lat' dir='ltr'>et</span> <span class='ocrx_word' id='word_1_53' title='bbox 282 675 365 742; x_wconf 79' lang='lat' dir='ltr'>iligna</span> <span class='ocrx_word' id='word_1_54' title='bbox 382 675 501 728; x_wconf 91' lang='lat' dir='ltr'>nutritus</span> <span class='ocrx_word' id='word_1_55' title='bbox 516 675 618 742; x_wconf 83' lang='lat' dir='ltr'>glande</span> <span class='ocrx_word' id='word_1_56' title='bbox 636 674 767 727; x_wconf 85' lang='lat' dir='ltr'>rotundas</span> <span class='ocrx_word' id='word_1_57' title='bbox 846 701 849 704; x_wconf 97' lang='lat'>·</span> 
     </span>
    </p>

    <p class='ocr_par' dir='ltr' id='par_1_3' title="bbox 65 750 1059 3141">
     <span class='ocr_line' id='line_1_9' title="bbox 65 750 822 820; baseline -0.005 -14"><span class='ocrx_word' id='word_1_58' title='bbox 65 762 68 770; x_wconf 83' lang='grc'>’</span> <span class='ocrx_word' id='word_1_59' title='bbox 115 752 218 806; x_wconf 80' lang='lat' dir='ltr'>Curvat</span> <span class='ocrx_word' id='word_1_60' title='bbox 235 767 301 820; x_wconf 84' lang='lat' dir='ltr'>aper</span> <span class='ocrx_word' id='word_1_61' title='bbox 318 751 408 804; x_wconf 86' lang='lat' dir='ltr'>lances</span> <span class='ocrx_word' id='word_1_62' title='bbox 427 766 535 804; x_wconf 90' lang='lat' dir='ltr'>carnem</span> <span class='ocrx_word' id='word_1_63' title='bbox 553 750 664 804; x_wconf 83' lang='lat' dir='ltr'>vitantis</span> <span class='ocrx_word' id='word_1_64' title='bbox 682 750 822 814; x_wconf 85' lang='lat' dir='ltr'>inertem3&#39;</span> 
     </span>
     <span class='ocr_line' id='line_1_10' title="bbox 115 823 918 894; baseline -0.006 -13"><span class='ocrx_word' id='word_1_65' title='bbox 115 827 187 881; x_wconf 91' lang='lat' dir='ltr'>Nam</span> <span class='ocrx_word' id='word_1_66' title='bbox 206 827 327 880; x_wconf 84' lang='lat' dir='ltr'>Laurens</span> <span class='ocrx_word' id='word_1_67' title='bbox 345 827 432 879; x_wconf 91' lang='lat' dir='ltr'>malus</span> <span class='ocrx_word' id='word_1_68' title='bbox 450 829 499 894; x_wconf 88' lang='lat' dir='ltr'>est,</span> <span class='ocrx_word' id='word_1_69' title='bbox 518 825 587 879; x_wconf 90' lang='lat' dir='ltr'>ulvis</span> <span class='ocrx_word' id='word_1_70' title='bbox 605 829 634 878; x_wconf 89' lang='lat' dir='ltr'>et</span> <span class='ocrx_word' id='word_1_71' title='bbox 651 825 784 878; x_wconf 89' lang='lat' dir='ltr'>arundine</span> <span class='ocrx_word' id='word_1_72' title='bbox 801 823 918 894; x_wconf 81' lang='lat' dir='ltr'>pinguis</span> 
     </span>
     <span class='ocr_line' id='line_1_11' title="bbox 115 899 805 970; baseline 0.003 -16"><span class='ocrx_word' id='word_1_73' title='bbox 115 902 203 956; x_wconf 90' lang='lat' dir='ltr'>Vinea</span> <span class='ocrx_word' id='word_1_74' title='bbox 221 902 358 956; x_wconf 78' lang='lat' dir='ltr'>submittit</span> <span class='ocrx_word' id='word_1_75' title='bbox 376 918 487 970; x_wconf 86' lang='lat' dir='ltr'>capreas</span> <span class='ocrx_word' id='word_1_76' title='bbox 505 918 558 954; x_wconf 91' lang='lat' dir='ltr'>non</span> <span class='ocrx_word' id='word_1_77' title='bbox 577 917 685 968; x_wconf 83' lang='lat' dir='ltr'>semper</span> <span class='ocrx_word' id='word_1_78' title='bbox 702 899 805 956; x_wconf 76' lang='lat' dir='ltr'>edulea</span> 
     </span>
     <span class='ocr_line' id='line_1_12' title="bbox 115 977 782 1046; baseline -0.003 -14"><span class='ocrx_word' id='word_1_79' title='bbox 115 977 260 1032; x_wconf 88' lang='lat' dir='ltr'>Fecundae</span> <span class='ocrx_word' id='word_1_80' title='bbox 277 978 376 1046; x_wconf 87' lang='lat' dir='ltr'>leporis</span> <span class='ocrx_word' id='word_1_81' title='bbox 395 978 501 1045; x_wconf 89' lang='lat' dir='ltr'>sapiens</span> <span class='ocrx_word' id='word_1_82' title='bbox 518 977 669 1030; x_wconf 84' lang='lat' dir='ltr'>sectabitur</span> <span class='ocrx_word' id='word_1_83' title='bbox 686 994 782 1030; x_wconf 90' lang='lat' dir='ltr'>armos.</span> 
     </span>
     <span class='ocr_line' id='line_1_13' title="bbox 115 1052 966 1122; baseline 0 -16"><span class='ocrx_word' id='word_1_84' title='bbox 115 1054 238 1116; x_wconf 83' lang='lat' dir='ltr'>Piscibus</span> <span class='ocrx_word' id='word_1_85' title='bbox 255 1057 339 1121; x_wconf 90' lang='lat' dir='ltr'>atque</span> <span class='ocrx_word' id='word_1_86' title='bbox 357 1052 451 1106; x_wconf 88' lang='lat' dir='ltr'>avibus</span> <span class='ocrx_word' id='word_1_87' title='bbox 469 1070 539 1122; x_wconf 88' lang='lat' dir='ltr'>quae</span> <span class='ocrx_word' id='word_1_88' title='bbox 556 1057 654 1106; x_wconf 91' lang='lat' dir='ltr'>natura</span> <span class='ocrx_word' id='word_1_89' title='bbox 672 1057 701 1106; x_wconf 89' lang='lat' dir='ltr'>et</span> <span class='ocrx_word' id='word_1_90' title='bbox 717 1053 789 1106; x_wconf 90' lang='lat' dir='ltr'>foret</span> <span class='ocrx_word' id='word_1_91' title='bbox 806 1055 882 1106; x_wconf 74' lang='lat' dir='ltr'>aetas</span> <span class='ocrx_word' id='word_1_92' title='bbox 941 1065 966 1105; x_wconf 76' lang='lat'>4⁵</span> 
     </span>
     <span class='ocr_line' id='line_1_14' title="bbox 115 1129 777 1197; baseline 0 -15"><span class='ocrx_word' id='word_1_93' title='bbox 115 1131 190 1184; x_wconf 87' lang='lat' dir='ltr'>Ante</span> <span class='ocrx_word' id='word_1_94' title='bbox 207 1147 297 1183; x_wconf 90' lang='lat' dir='ltr'>meum</span> <span class='ocrx_word' id='word_1_95' title='bbox 315 1129 382 1182; x_wconf 90' lang='lat' dir='ltr'>nulli</span> <span class='ocrx_word' id='word_1_96' title='bbox 400 1129 490 1197; x_wconf 90' lang='lat' dir='ltr'>patuit</span> <span class='ocrx_word' id='word_1_97' title='bbox 508 1129 632 1197; x_wconf 87' lang='lat' dir='ltr'>quaesita</span> <span class='ocrx_word' id='word_1_98' title='bbox 649 1129 777 1197; x_wconf 87' lang='lat' dir='ltr'>palatum.</span> 
     </span>
     <span class='ocr_line' id='line_1_15' title="bbox 114 1201 946 1292; baseline -0.002 -34"><span class='ocrx_word' id='word_1_99' title='bbox 114 1205 185 1258; x_wconf 82' lang='lat' dir='ltr'>Sunt</span> <span class='ocrx_word' id='word_1_100' title='bbox 202 1221 315 1274; x_wconf 90' lang='lat' dir='ltr'>quorum</span> <span class='ocrx_word' id='word_1_101' title='bbox 333 1204 471 1292; x_wconf 81' lang='lat' dir='ltr'>ingenium</span> <span class='ocrx_word' id='word_1_102' title='bbox 489 1221 559 1257; x_wconf 82' lang='lat' dir='ltr'>nova</span> <span class='ocrx_word' id='word_1_103' title='bbox 576 1208 636 1257; x_wconf 90' lang='lat' dir='ltr'>tant</span> <span class='ocrx_word' id='word_1_104' title='bbox 637 1221 683 1258; x_wconf 90' lang='lat' dir='ltr'>um</span> <span class='ocrx_word' id='word_1_105' title='bbox 700 1204 820 1258; x_wconf 90' lang='lat' dir='ltr'>crustula</span> <span class='ocrx_word' id='word_1_106' title='bbox 837 1201 946 1272; x_wconf 91' lang='lat' dir='ltr'>promit.</span> 
     </span>
     <span class='ocr_line' id='line_1_16' title="bbox 114 1281 1059 1378; baseline -0.003 -44"><span class='ocrx_word' id='word_1_107' title='bbox 114 1281 294 1369; x_wconf 85' lang='lat' dir='ltr'>Nequaquam</span> <span class='ocrx_word' id='word_1_108' title='bbox 312 1281 403 1332; x_wconf 88' lang='lat' dir='ltr'>satis</span> <span class='ocrx_word' id='word_1_109' title='bbox 396 1297 425 1332; x_wconf 92' lang='lat' dir='ltr'>1n</span> <span class='ocrx_word' id='word_1_110' title='bbox 443 1297 473 1334; x_wconf 89' lang='lat' dir='ltr'>re</span> <span class='ocrx_word' id='word_1_111' title='bbox 491 1297 546 1333; x_wconf 91' lang='lat' dir='ltr'>una</span> <span class='ocrx_word' id='word_1_112' title='bbox 563 1297 721 1333; x_wconf 89' lang='lat' dir='ltr'>consumere</span> <span class='ocrx_word' id='word_1_113' title='bbox 740 1297 839 1346; x_wconf 89' lang='lat' dir='ltr'>euram,</span> <span class='ocrx_word' id='word_1_114' title='bbox 1058 1293 1059 1378; x_wconf 44' lang='lat' dir='ltr'>p</span> 
     </span>
     <span class='ocr_line' id='line_1_17' title="bbox 114 1355 868 1425; baseline -0.003 -15"><span class='ocrx_word' id='word_1_115' title='bbox 114 1356 192 1410; x_wconf 88' lang='lat' dir='ltr'>Ut&#39;</span> <span class='ocrx_word' id='word_1_116' title='bbox 171 1374 194 1410; x_wconf 90' lang='lat' dir='ltr'>sr</span> <span class='ocrx_word' id='word_1_117' title='bbox 212 1356 273 1425; x_wconf 89' lang='lat' dir='ltr'>quis</span> <span class='ocrx_word' id='word_1_118' title='bbox 291 1355 376 1408; x_wconf 87' lang='lat' dir='ltr'>solum</span> <span class='ocrx_word' id='word_1_119' title='bbox 394 1356 444 1409; x_wconf 88' lang='lat' dir='ltr'>hoe</span> <span class='ocrx_word' id='word_1_120' title='bbox 462 1356 533 1409; x_wconf 91' lang='lat' dir='ltr'>mala</span> <span class='ocrx_word' id='word_1_121' title='bbox 550 1373 585 1409; x_wconf 92' lang='lat' dir='ltr'>ne</span> <span class='ocrx_word' id='word_1_122' title='bbox 603 1356 658 1410; x_wconf 91' lang='lat' dir='ltr'>sint</span> <span class='ocrx_word' id='word_1_123' title='bbox 676 1355 738 1410; x_wconf 85' lang='lat' dir='ltr'>vina</span> <span class='ocrx_word' id='word_1_124' title='bbox 755 1355 868 1424; x_wconf 87' lang='lat' dir='ltr'>laboret,</span> 
     </span>
     <span class='ocr_line' id='line_1_18' title="bbox 115 1431 964 1500; baseline -0.003 -14"><span class='ocrx_word' id='word_1_125' title='bbox 115 1432 194 1496; x_wconf 79' lang='lat' dir='ltr'>Quali</span> <span class='ocrx_word' id='word_1_126' title='bbox 212 1431 358 1500; x_wconf 81' lang='lat' dir='ltr'>perfundat</span> <span class='ocrx_word' id='word_1_127' title='bbox 375 1431 464 1499; x_wconf 83' lang='lat' dir='ltr'>pisces</span> <span class='ocrx_word' id='word_1_128' title='bbox 482 1448 593 1484; x_wconf 84' lang='lat' dir='ltr'>securus</span> <span class='ocrx_word' id='word_1_129' title='bbox 610 1431 688 1486; x_wconf 88' lang='lat' dir='ltr'>olivo.</span> <span class='ocrx_word' id='word_1_130' title='bbox 937 1444 964 1484; x_wconf 73' lang='lat' dir='ltr'>aa</span> 
     </span>
     <span class='ocr_line' id='line_1_19' title="bbox 114 1505 708 1574; baseline 0 -13"><span class='ocrx_word' id='word_1_131' title='bbox 114 1508 230 1562; x_wconf 79' lang='lat' dir='ltr'>lllassiea</span> <span class='ocrx_word' id='word_1_132' title='bbox 248 1507 271 1559; x_wconf 87' lang='lat' dir='ltr'>ai</span> <span class='ocrx_word' id='word_1_133' title='bbox 289 1505 362 1559; x_wconf 88' lang='lat' dir='ltr'>caelo</span> <span class='ocrx_word' id='word_1_134' title='bbox 380 1522 514 1574; x_wconf 84' lang='lat' dir='ltr'>suppones</span> <span class='ocrx_word' id='word_1_135' title='bbox 532 1507 594 1559; x_wconf 86' lang='lat' dir='ltr'>vina</span> <span class='ocrx_word' id='word_1_136' title='bbox 612 1523 708 1561; x_wconf 87' lang='lat' dir='ltr'>sereno</span> 
     </span>
     <span class='ocr_line' id='line_1_20' title="bbox 114 1581 893 1650; baseline -0.003 -13"><span class='ocrx_word' id='word_1_137' title='bbox 114 1583 256 1637; x_wconf 87' lang='lat' dir='ltr'>Nocturna</span> <span class='ocrx_word' id='word_1_138' title='bbox 274 1581 296 1634; x_wconf 90' lang='lat' dir='ltr'>si</span> <span class='ocrx_word' id='word_1_139' title='bbox 315 1581 382 1649; x_wconf 91' lang='lat' dir='ltr'>quid</span> <span class='ocrx_word' id='word_1_140' title='bbox 399 1582 482 1634; x_wconf 88' lang='lat' dir='ltr'>crassi</span> <span class='ocrx_word' id='word_1_141' title='bbox 500 1586 543 1635; x_wconf 89' lang='lat' dir='ltr'>est</span> <span class='ocrx_word' id='word_1_142' title='bbox 560 1582 719 1636; x_wconf 86' lang='lat' dir='ltr'>tenuabitur</span> <span class='ocrx_word' id='word_1_143' title='bbox 736 1598 809 1650; x_wconf 83' lang='lat' dir='ltr'>aura,</span> <span class='ocrx_word' id='word_1_144' title='bbox 888 1581 893 1589; x_wconf 93' lang='lat'>&#39;</span> 
     </span>
     <span class='ocr_line' id='line_1_21' title="bbox 115 1657 742 1729; baseline -0.005 -16"><span class='ocrx_word' id='word_1_145' title='bbox 115 1659 151 1713; x_wconf 78' lang='lat' dir='ltr'>,ut</span> <span class='ocrx_word' id='word_1_146' title='bbox 168 1657 284 1711; x_wconf 81' lang='lat' dir='ltr'>decedet</span> <span class='ocrx_word' id='word_1_147' title='bbox 301 1657 368 1709; x_wconf 88' lang='lat' dir='ltr'>odor</span> <span class='ocrx_word' id='word_1_148' title='bbox 384 1658 474 1729; x_wconf 65' lang='lat' dir='ltr'>neruis</span> <span class='ocrx_word' id='word_1_149' title='bbox 491 1657 630 1722; x_wconf 89' lang='lat' dir='ltr'>inimicus;</span> <span class='ocrx_word' id='word_1_150' title='bbox 648 1661 678 1711; x_wconf 93' lang='lat' dir='ltr'>at</span> <span class='ocrx_word' id='word_1_151' title='bbox 694 1657 742 1712; x_wconf 90' lang='lat' dir='ltr'>illa</span> 
     </span>
     <span class='ocr_line' id='line_1_22' title="bbox 115 1732 734 1801; baseline -0.002 -14"><span class='ocrx_word' id='word_1_152' title='bbox 115 1734 260 1801; x_wconf 85' lang='lat' dir='ltr'>integrum</span> <span class='ocrx_word' id='word_1_153' title='bbox 278 1732 398 1800; x_wconf 90' lang='lat' dir='ltr'>perdunt</span> <span class='ocrx_word' id='word_1_154' title='bbox 415 1732 470 1785; x_wconf 91' lang='lat' dir='ltr'>lino</span> <span class='ocrx_word' id='word_1_155' title='bbox 488 1732 585 1786; x_wconf 89' lang='lat' dir='ltr'>vitiata</span> <span class='ocrx_word' id='word_1_156' title='bbox 603 1749 734 1801; x_wconf 89' lang='lat' dir='ltr'>saporem.</span> 
     </span>
     <span class='ocr_line' id='line_1_23' title="bbox 115 1808 1059 1890; baseline -0.005 -24"><span class='ocrx_word' id='word_1_157' title='bbox 115 1809 277 1866; x_wconf 80' lang='lat' dir='ltr'>Surrentina</span> <span class='ocrx_word' id='word_1_158' title='bbox 293 1809 369 1860; x_wconf 87' lang='lat' dir='ltr'>vafer</span> <span class='ocrx_word' id='word_1_159' title='bbox 387 1809 434 1876; x_wconf 92' lang='lat' dir='ltr'>qui</span> <span class='ocrx_word' id='word_1_160' title='bbox 452 1808 548 1862; x_wconf 90' lang='lat' dir='ltr'>miscet</span> <span class='ocrx_word' id='word_1_161' title='bbox 565 1809 640 1862; x_wconf 90' lang='lat' dir='ltr'>faece</span> <span class='ocrx_word' id='word_1_162' title='bbox 660 1809 775 1862; x_wconf 84' lang='lat' dir='ltr'>Falerna</span> <span class='ocrx_word' id='word_1_163' title='bbox 1058 1855 1059 1890; x_wconf 27' lang='lat'>¹</span> 
     </span>
     <span class='ocr_line' id='line_1_24' title="bbox 101 1883 752 1952; baseline -0.006 -12"><span class='ocrx_word' id='word_1_164' title='bbox 101 1887 188 1940; x_wconf 80' lang='lat' dir='ltr'>¹Vina</span> <span class='ocrx_word' id='word_1_165' title='bbox 204 1883 356 1939; x_wconf 88' lang='lat' dir='ltr'>columbino</span> <span class='ocrx_word' id='word_1_166' title='bbox 374 1883 469 1936; x_wconf 89' lang='lat' dir='ltr'>limum</span> <span class='ocrx_word' id='word_1_167' title='bbox 486 1884 557 1938; x_wconf 91' lang='lat' dir='ltr'>bene</span> <span class='ocrx_word' id='word_1_168' title='bbox 575 1884 678 1952; x_wconf 83' lang='lat' dir='ltr'>colligit</span> <span class='ocrx_word' id='word_1_169' title='bbox 695 1900 752 1952; x_wconf 86' lang='lat' dir='ltr'>ovo,</span> 
     </span>
     <span class='ocr_line' id='line_1_25' title="bbox 116 1959 781 2028; baseline -0.008 -14"><span class='ocrx_word' id='word_1_170' title='bbox 116 1962 255 2026; x_wconf 82' lang='lat' dir='ltr'>Quatenus</span> <span class='ocrx_word' id='word_1_171' title='bbox 272 1961 327 2014; x_wconf 90' lang='lat' dir='ltr'>ima</span> <span class='ocrx_word' id='word_1_172' title='bbox 344 1963 392 2028; x_wconf 88' lang='lat' dir='ltr'>pet</span> <span class='ocrx_word' id='word_1_173' title='bbox 380 1960 415 2014; x_wconf 88' lang='lat' dir='ltr'>tit</span> <span class='ocrx_word' id='word_1_174' title='bbox 432 1959 543 2014; x_wconf 86' lang='lat' dir='ltr'>volvens</span> <span class='ocrx_word' id='word_1_175' title='bbox 560 1959 647 2013; x_wconf 91' lang='lat' dir='ltr'>aliena</span> <span class='ocrx_word' id='word_1_176' title='bbox 665 1959 781 2012; x_wconf 85' lang='lat' dir='ltr'>vitellus</span> 
     </span>
     <span class='ocr_line' id='line_1_26' title="bbox 116 2034 795 2104; baseline -0.004 -16"><span class='ocrx_word' id='word_1_177' title='bbox 116 2036 188 2089; x_wconf 79' lang='lat' dir='ltr'>Tost</span> <span class='ocrx_word' id='word_1_178' title='bbox 169 2040 205 2089; x_wconf 92' lang='lat' dir='ltr'>t1s</span> <span class='ocrx_word' id='word_1_179' title='bbox 221 2039 386 2090; x_wconf 87' lang='lat' dir='ltr'>marcentem</span> <span class='ocrx_word' id='word_1_180' title='bbox 405 2035 510 2104; x_wconf 86' lang='lat' dir='ltr'>squillis</span> <span class='ocrx_word' id='word_1_181' title='bbox 528 2034 662 2088; x_wconf 88' lang='lat' dir='ltr'>recreabis</span> <span class='ocrx_word' id='word_1_182' title='bbox 680 2037 709 2088; x_wconf 88' lang='lat' dir='ltr'>et</span> <span class='ocrx_word' id='word_1_183' title='bbox 727 2034 795 2086; x_wconf 83' lang='lat' dir='ltr'>Afra</span> 
     </span>
     <span class='ocr_line' id='line_1_27' title="bbox 117 2109 1059 2186; baseline -0.004 -22"><span class='ocrx_word' id='word_1_184' title='bbox 117 2111 245 2164; x_wconf 90' lang='lat' dir='ltr'>Potorem</span> <span class='ocrx_word' id='word_1_185' title='bbox 262 2110 384 2173; x_wconf 87' lang='lat' dir='ltr'>cochlea;</span> <span class='ocrx_word' id='word_1_186' title='bbox 401 2127 464 2162; x_wconf 90' lang='lat' dir='ltr'>nam</span> <span class='ocrx_word' id='word_1_187' title='bbox 482 2110 587 2164; x_wconf 88' lang='lat' dir='ltr'>lactuca</span> <span class='ocrx_word' id='word_1_188' title='bbox 603 2109 710 2162; x_wconf 89' lang='lat' dir='ltr'>innatat</span> <span class='ocrx_word' id='word_1_189' title='bbox 727 2109 783 2162; x_wconf 90' lang='lat' dir='ltr'>aeri</span> <span class='ocrx_word' id='word_1_190' title='bbox 1058 2127 1059 2186; x_wconf 55' lang='lat' dir='ltr'>p</span> 
     </span>
     <span class='ocr_line' id='line_1_28' title="bbox 117 2181 1059 2252; baseline -0.004 -13"><span class='ocrx_word' id='word_1_191' title='bbox 117 2186 184 2239; x_wconf 88' lang='lat' dir='ltr'>Post</span> <span class='ocrx_word' id='word_1_192' title='bbox 201 2186 292 2238; x_wconf 89' lang='lat' dir='ltr'>vinum</span> <span class='ocrx_word' id='word_1_193' title='bbox 311 2184 463 2250; x_wconf 86' lang='lat' dir='ltr'>stomach0;</span> <span class='ocrx_word' id='word_1_194' title='bbox 480 2201 565 2252; x_wconf 91' lang='lat' dir='ltr'>perna</span> <span class='ocrx_word' id='word_1_195' title='bbox 582 2184 716 2252; x_wconf 74' lang='lat' dir='ltr'>magicae</span> <span class='ocrx_word' id='word_1_196' title='bbox 733 2183 820 2252; x_wconf 85' lang='lat' dir='ltr'>magis</span> <span class='ocrx_word' id='word_1_197' title='bbox 837 2181 909 2235; x_wconf 91' lang='lat' dir='ltr'>hillis</span> <span class='ocrx_word' id='word_1_198' title='bbox 937 2197 959 2236; x_wconf 85' lang='lat' dir='ltr'>eo</span> <span class='ocrx_word' id='word_1_199' title='bbox 1058 2189 1059 2228; x_wconf 78' lang='lat' dir='ltr'>l</span> 
     </span>
     <span class='ocr_line' id='line_1_29' title="bbox 117 2227 1059 2328; baseline -0.003 -14"><span class='ocrx_word' id='word_1_200' title='bbox 117 2260 208 2328; x_wconf 83' lang='lat' dir='ltr'>Plagit</span> <span class='ocrx_word' id='word_1_201' title='bbox 209 2259 261 2312; x_wconf 91' lang='lat' dir='ltr'>at</span> <span class='ocrx_word' id='word_1_202' title='bbox 254 2276 397 2312; x_wconf 89' lang='lat' dir='ltr'>nnmorsus</span> <span class='ocrx_word' id='word_1_203' title='bbox 415 2227 504 2324; x_wconf 79' lang='lat' dir='ltr'>reiici3</span> <span class='ocrx_word' id='word_1_204' title='bbox 522 2259 588 2328; x_wconf 91' lang='lat' dir='ltr'>quin</span> <span class='ocrx_word' id='word_1_205' title='bbox 606 2259 696 2312; x_wconf 90' lang='lat' dir='ltr'>omnia</span> <span class='ocrx_word' id='word_1_206' title='bbox 713 2259 791 2312; x_wconf 89' lang='lat' dir='ltr'>malit</span> <span class='ocrx_word' id='word_1_207' title='bbox 1058 2229 1059 2290; x_wconf 73' lang='lat' dir='ltr'>l</span> 
     </span>
     <span class='ocr_line' id='line_1_30' title="bbox 118 2319 818 2404; baseline -0.006 -14"><span class='ocrx_word' id='word_1_208' title='bbox 118 2338 299 2404; x_wconf 82' lang='lat' dir='ltr'>Quaecunque</span> <span class='ocrx_word' id='word_1_209' title='bbox 316 2335 462 2388; x_wconf 92' lang='lat' dir='ltr'>immundis</span> <span class='ocrx_word' id='word_1_210' title='bbox 480 2336 588 2389; x_wconf 87' lang='lat' dir='ltr'>fervent</span> <span class='ocrx_word' id='word_1_211' title='bbox 605 2335 687 2388; x_wconf 90' lang='lat' dir='ltr'>allata</span> <span class='ocrx_word' id='word_1_212' title='bbox 704 2319 818 2404; x_wconf 86' lang='lat' dir='ltr'>popinis.</span> 
     </span>
     <span class='ocr_line' id='line_1_31' title="bbox 117 2409 818 2480; baseline -0.004 -13"><span class='ocrx_word' id='word_1_213' title='bbox 117 2414 168 2468; x_wconf 86' lang='lat' dir='ltr'>Est</span> <span class='ocrx_word' id='word_1_214' title='bbox 185 2428 284 2480; x_wconf 89' lang='lat' dir='ltr'>operae</span> <span class='ocrx_word' id='word_1_215' title='bbox 301 2411 420 2479; x_wconf 90' lang='lat' dir='ltr'>pretium</span> <span class='ocrx_word' id='word_1_216' title='bbox 439 2411 565 2478; x_wconf 86' lang='lat' dir='ltr'>duplicis</span> <span class='ocrx_word' id='word_1_217' title='bbox 571 2427 733 2479; x_wconf 85' lang='lat' dir='ltr'>pernoscere</span> <span class='ocrx_word' id='word_1_218' title='bbox 745 2409 818 2478; x_wconf 86' lang='lat' dir='ltr'>juris</span> 
     </span>
     <span class='ocr_line' id='line_1_32' title="bbox 117 2487 847 2554; baseline -0.005 -10"><span class='ocrx_word' id='word_1_219' title='bbox 117 2490 258 2544; x_wconf 87' lang='lat' dir='ltr'>Naturam.</span> <span class='ocrx_word' id='word_1_220' title='bbox 295 2487 414 2554; x_wconf 79' lang='lat' dir='ltr'>Simplex</span> <span class='ocrx_word' id='word_1_221' title='bbox 433 2503 449 2540; x_wconf 89' lang='lat' dir='ltr'>e</span> <span class='ocrx_word' id='word_1_222' title='bbox 466 2487 538 2540; x_wconf 93' lang='lat' dir='ltr'>dulci</span> <span class='ocrx_word' id='word_1_223' title='bbox 556 2491 663 2540; x_wconf 87' lang='lat' dir='ltr'>constat</span> <span class='ocrx_word' id='word_1_224' title='bbox 679 2487 756 2552; x_wconf 88' lang='lat' dir='ltr'>olivo,</span> <span class='ocrx_word' id='word_1_225' title='bbox 845 2519 847 2526; x_wconf 50' lang='grc' dir='ltr'><strong><em>ι</em></strong></span> 
     </span>
     <span class='ocr_line' id='line_1_33' title="bbox 118 2561 958 2632; baseline -0.005 -15"><span class='ocrx_word' id='word_1_226' title='bbox 118 2564 198 2628; x_wconf 79' lang='lat' dir='ltr'>Quod</span> <span class='ocrx_word' id='word_1_227' title='bbox 215 2562 309 2632; x_wconf 88' lang='lat' dir='ltr'>pingui</span> <span class='ocrx_word' id='word_1_228' title='bbox 326 2563 440 2615; x_wconf 88' lang='lat' dir='ltr'>miscere</span> <span class='ocrx_word' id='word_1_229' title='bbox 457 2578 532 2615; x_wconf 90' lang='lat' dir='ltr'>mero</span> <span class='ocrx_word' id='word_1_230' title='bbox 550 2563 692 2630; x_wconf 90' lang='lat' dir='ltr'>muriaque</span> <span class='ocrx_word' id='word_1_231' title='bbox 710 2561 825 2629; x_wconf 86' lang='lat' dir='ltr'>decebit,</span> <span class='ocrx_word' id='word_1_232' title='bbox 935 2589 958 2628; x_wconf 61' lang='lat'>55</span> 
     </span>
     <span class='ocr_line' id='line_1_34' title="bbox 117 2637 764 2706; baseline -0.006 -12"><span class='ocrx_word' id='word_1_233' title='bbox 117 2640 144 2694; x_wconf 95' lang='lat' dir='ltr'>N</span> <span class='ocrx_word' id='word_1_234' title='bbox 146 2657 181 2693; x_wconf 90' lang='lat' dir='ltr'>on</span> <span class='ocrx_word' id='word_1_235' title='bbox 198 2639 250 2692; x_wconf 90' lang='lat' dir='ltr'>alia</span> <span class='ocrx_word' id='word_1_236' title='bbox 268 2653 349 2706; x_wconf 88' lang='lat' dir='ltr'>quam</span> <span class='ocrx_word' id='word_1_237' title='bbox 367 2653 420 2706; x_wconf 90' lang='lat' dir='ltr'>qua</span> <span class='ocrx_word' id='word_1_238' title='bbox 439 2637 568 2705; x_wconf 81' lang='lat' dir='ltr'>Byzantia</span> <span class='ocrx_word' id='word_1_239' title='bbox 585 2637 677 2705; x_wconf 88' lang='lat' dir='ltr'>putuit</span> <span class='ocrx_word' id='word_1_240' title='bbox 694 2653 764 2690; x_wconf 89' lang='lat' dir='ltr'>orca.</span> 
     </span>
     <span class='ocr_line' id='line_1_35' title="bbox 118 2712 758 2770; baseline -0.008 0"><span class='ocrx_word' id='word_1_241' title='bbox 118 2716 179 2770; x_wconf 89' lang='lat' dir='ltr'>Hoc</span> <span class='ocrx_word' id='word_1_242' title='bbox 196 2714 243 2767; x_wconf 91' lang='lat' dir='ltr'>ubi</span> <span class='ocrx_word' id='word_1_243' title='bbox 261 2713 400 2766; x_wconf 85' lang='lat' dir='ltr'>confusum</span> <span class='ocrx_word' id='word_1_244' title='bbox 419 2713 499 2766; x_wconf 89' lang='lat' dir='ltr'>sectis</span> <span class='ocrx_word' id='word_1_245' title='bbox 516 2712 649 2766; x_wconf 88' lang='lat' dir='ltr'>inferbuit</span> <span class='ocrx_word' id='word_1_246' title='bbox 666 2712 758 2766; x_wconf 88' lang='lat' dir='ltr'>herbis</span> 
     </span>
     <span class='ocr_line' id='line_1_36' title="bbox 117 2786 956 2858; baseline -0.005 -13"><span class='ocrx_word' id='word_1_247' title='bbox 117 2791 283 2858; x_wconf 81' lang='lat' dir='ltr'>Corycioque</span> <span class='ocrx_word' id='word_1_248' title='bbox 300 2804 378 2842; x_wconf 90' lang='lat' dir='ltr'>croco</span> <span class='ocrx_word' id='word_1_249' title='bbox 396 2805 519 2856; x_wconf 89' lang='lat' dir='ltr'>sparsum</span> <span class='ocrx_word' id='word_1_250' title='bbox 537 2787 623 2855; x_wconf 91' lang='lat' dir='ltr'>stetit,</span> <span class='ocrx_word' id='word_1_251' title='bbox 640 2788 752 2856; x_wconf 78' lang='lat' dir='ltr'>insuper</span> <span class='ocrx_word' id='word_1_252' title='bbox 769 2786 855 2842; x_wconf 81' lang='lat' dir='ltr'>addes</span> <span class='ocrx_word' id='word_1_253' title='bbox 955 2819 956 2826; x_wconf 26' lang='grc' dir='ltr'><strong>κ</strong></span> 
     </span>
     <span class='ocr_line' id='line_1_37' title="bbox 118 2863 919 2932; baseline 0.001 -15"><span class='ocrx_word' id='word_1_254' title='bbox 118 2865 216 2918; x_wconf 87' lang='lat' dir='ltr'>Pressa</span> <span class='ocrx_word' id='word_1_255' title='bbox 233 2864 404 2916; x_wconf 86' lang='lat' dir='ltr'>Venafranae</span> <span class='ocrx_word' id='word_1_256' title='bbox 422 2863 495 2931; x_wconf 89' lang='lat' dir='ltr'>quod</span> <span class='ocrx_word' id='word_1_257' title='bbox 514 2863 597 2916; x_wconf 88' lang='lat' dir='ltr'>bacea</span> <span class='ocrx_word' id='word_1_258' title='bbox 613 2863 720 2918; x_wconf 88' lang='lat' dir='ltr'>remisit</span> <span class='ocrx_word' id='word_1_259' title='bbox 737 2863 830 2918; x_wconf 85' lang='lat' dir='ltr'>olivae.</span> <span class='ocrx_word' id='word_1_260' title='bbox 916 2927 919 2932; x_wconf 26' lang='grc' dir='ltr'>Ι</span> 
     </span>
     <span class='ocr_line' id='line_1_38' title="bbox 118 2937 961 3003; baseline 0.007 -14"><span class='ocrx_word' id='word_1_261' title='bbox 118 2938 224 2990; x_wconf 87' lang='lat' dir='ltr'>Picenis</span> <span class='ocrx_word' id='word_1_262' title='bbox 242 2938 343 2989; x_wconf 88' lang='lat' dir='ltr'>cedunt</span> <span class='ocrx_word' id='word_1_263' title='bbox 359 2938 447 3003; x_wconf 89' lang='lat' dir='ltr'>pomis</span> <span class='ocrx_word' id='word_1_264' title='bbox 466 2937 590 2989; x_wconf 81' lang='lat' dir='ltr'>Tiburtia</span> <span class='ocrx_word' id='word_1_265' title='bbox 608 2954 702 3003; x_wconf 89' lang='lat' dir='ltr'>succo;</span> <span class='ocrx_word' id='word_1_266' title='bbox 939 2953 961 2995; x_wconf 85' lang='lat' dir='ltr'>u</span> 
     </span>
     <span class='ocr_line' id='line_1_39' title="bbox 118 3009 855 3080; baseline 0.007 -17"><span class='ocrx_word' id='word_1_267' title='bbox 118 3010 190 3063; x_wconf 89' lang='lat' dir='ltr'>Nam</span> <span class='ocrx_word' id='word_1_268' title='bbox 207 3009 275 3062; x_wconf 80' lang='lat' dir='ltr'>facia</span> <span class='ocrx_word' id='word_1_269' title='bbox 293 3015 440 3076; x_wconf 87' lang='lat' dir='ltr'>praestant.</span> <span class='ocrx_word' id='word_1_270' title='bbox 476 3011 617 3065; x_wconf 84' lang='lat' dir='ltr'>Venucula</span> <span class='ocrx_word' id='word_1_271' title='bbox 635 3013 762 3068; x_wconf 89' lang='lat' dir='ltr'>convenit</span> <span class='ocrx_word' id='word_1_272' title='bbox 779 3013 855 3080; x_wconf 89' lang='lat' dir='ltr'>ollis;</span> 
     </span>
     <span class='ocr_line' id='line_1_40' title="bbox 119 3081 743 3141; baseline 0.01 -6"><span class='ocrx_word' id='word_1_273' title='bbox 119 3081 233 3135; x_wconf 86' lang='lat' dir='ltr'>Rectius</span> <span class='ocrx_word' id='word_1_274' title='bbox 253 3081 386 3136; x_wconf 82' lang='lat' dir='ltr'>Albanam</span> <span class='ocrx_word' id='word_1_275' title='bbox 404 3085 478 3138; x_wconf 89' lang='lat' dir='ltr'>fumo</span> <span class='ocrx_word' id='word_1_276' title='bbox 497 3086 638 3140; x_wconf 86' lang='lat' dir='ltr'>duraveris</span> <span class='ocrx_word' id='word_1_277' title='bbox 655 3105 743 3141; x_wconf 88' lang='lat' dir='ltr'>uvam.</span> 
     </span>
    </p>
   </div>
   <div class='ocr_carea' id='block_1_3' title="bbox 119 3155 958 3235">
    <p class='ocr_par' dir='ltr' id='par_1_4' title="bbox 119 3155 958 3235">
     <span class='ocr_line' id='line_1_41' title="bbox 119 3155 958 3235; baseline 0.013 -26"><span class='ocrx_word' id='word_1_278' title='bbox 119 3155 201 3209; x_wconf 86' lang='lat' dir='ltr'>Hane</span> <span class='ocrx_word' id='word_1_279' title='bbox 218 3170 268 3221; x_wconf 81' lang='lat' dir='ltr'>ego</span> <span class='ocrx_word' id='word_1_280' title='bbox 286 3169 354 3216; x_wconf 66' lang='lat' dir='ltr'>cum,</span> <span class='ocrx_word' id='word_1_281' title='bbox 364 3159 448 3225; x_wconf 83' lang='lat' dir='ltr'>malis,</span> <span class='ocrx_word' id='word_1_282' title='bbox 464 3175 514 3228; x_wconf 90' lang='lat' dir='ltr'>ego</span> <span class='ocrx_word' id='word_1_283' title='bbox 532 3161 635 3215; x_wconf 91' lang='lat' dir='ltr'>faecem</span> <span class='ocrx_word' id='word_1_284' title='bbox 653 3163 758 3230; x_wconf 70' lang='lat' dir='ltr'>pumus</span> <span class='ocrx_word' id='word_1_285' title='bbox 775 3165 805 3218; x_wconf 87' lang='lat' dir='ltr'>et</span> <span class='ocrx_word' id='word_1_286' title='bbox 821 3162 898 3235; x_wconf 82' lang='lat' dir='ltr'>allec,</span> <span class='ocrx_word' id='word_1_287' title='bbox 948 3179 958 3200; x_wconf 47' lang='grc' dir='ltr'><strong><em>ἰ</em></strong></span> 
     </span>
    </p>
   </div>
   <div class='ocr_carea' id='block_1_4' title="bbox 0 0 1079 3420">
    <p class='ocr_par' dir='ltr' id='par_1_5' title="bbox 0 0 1079 3420">
     <span class='ocr_line' id='line_1_42' title="bbox 0 0 1079 3420; baseline 0 0"><span class='ocrx_word' id='word_1_288' title='bbox 0 0 1079 3420; x_wconf 95' lang='lat' dir='ltr'> </span> 
     </span>
    </p>
   </div>
  </div>
 </body>
</html>
