2126 3410
383 397 656 466 SATIRARUM

278 629 439 691 LIBER
473 631 756 694 SECUNDUS.

14 973 15 1018 l
92 955 191 1012 “Suus
209 957 308 1027 quibus
325 957 353 1011 in
372 957 456 1011 satira
473 956 569 1010 videor
585 954 667 1009 nimis
685 970 748 1009 acer
765 956 794 1008 et
810 954 885 1010 ultra

91 1031 195 1100 Legem
214 1034 329 1087 tendere
346 1049 428 1103 opus;
446 1033 504 1086 sine
521 1032 612 1085 nervis
629 1031 715 1085 altera
732 1030 867 1100 quidquid
901 1089 902 1092 ,

92 1108 238 1178 Composui
256 1125 319 1177 pars
337 1125 396 1162 esse
414 1113 500 1178 putat,
520 1108 674 1174 similesque
692 1123 813 1160 meorum
853 1157 864 1168 ,

91 1183 169 1238 Mille
187 1185 234 1238 die
251 1201 345 1238 versus
364 1185 462 1238 deduci
479 1201 565 1252 posse.
601 1183 719 1250 Trebati,

92 1258 164 1322 Quid
171 1261 269 1313 faciam
275 1261 449 1328 praescribe.’'
460 1261 474 1288 ‘⁶
481 1260 630 1324 Quiescas.”
642 1260 656 1286 “
664 1261 707 1315 Ne
714 1258 939 1329 faciam‚iuquiS,-!

91 1335 210 1388 Omnino
228 1337 355 1390 versusl”
386 1336 483 1389 “Aio'’
514 1335 652 1388 “Persam
669 1335 740 1387 male
758 1335 780 1386 si
798 1351 851 1387 nou

92 1408 233 1478 Optimum
252 1416 327 1465 erat:
345 1428 439 1464 verum
457 1427 563 1480 nequeo
581 1410 721 1462 dormire.'’
753 1410 827 1462 “Ter
845 1410 920 1464 uncti

92 1484 260 1540 Transnanto
279 1487 398 1540 Tiberim
416 1503 509 1540 somno
527 1485 626 1554 quibus
644 1489 686 1538 est
703 1502 770 1554 opus
787 1485 849 1552 alto,

93 1553 285 1631 Irriguumque
303 1579 377 1616 mero
396 1562 447 1615 sub
463 1566 571 1616 noctem
589 1577 686 1629 corpus
703 1561 829 1614 habento,

92 1635 150 1690 Aut
168 1638 192 1691 si
210 1641 304 1691 tantus
322 1655 397 1690 amor
414 1637 551 1690 scribendi
568 1640 598 1690 te
615 1637 689 1704 rapit
706 1636 777 1689 aude
920 1657 942 1695 ιο

51 1717 55 1724 ’
93 1711 215 1766 Caesaris
232 1713 326 1766 invicti
344 1729 388 1766 res
407 1713 505 1779 dicere,
523 1713 610 1766 multa
627 1711 749 1765 laborum

92 1785 217 1842 Praemia
235 1789 360 1842 laturus.”
391 1789 557 1857 “Cupidum,
575 1791 655 1856 pater
671 1788 780 1855 optime,
798 1789 871 1843 vires

92 1860 247 1918 Deficiunt:
264 1881 354 1932 neque
372 1864 444 1917 euim
462 1863 550 1932 quivis
568 1863 706 1916 horrentia
723 1863 785 1931 pilis

93 1939 212 2006 Agmina
228 1956 279 1993 nec
296 1939 383 1994 fracta
400 1943 547 2008 pereuntes
564 1939 676 2006 cuspide
694 1938 786 1991 Gallos
929 1995 932 1999 ,

86 2015 150 2068 ¹'Aut
167 2015 284 2068 labentis
302 2031 372 2083 equo
390 2014 527 2068 describat
544 2015 656 2068 vulnera
675 2013 793 2066 Parthi.”
918 2027 942 2070 11

92 2090 248 2144 “Attamen
266 2093 295 2143 et
310 2091 416 2158 justum
434 2095 545 2159 poteras
563 2093 591 2142 et
610 2089 729 2142 scribere
746 2088 854 2157 fortem,

92 2163 246 2234 Scipiadam
264 2170 295 2220 ut
313 2167 420 2234 sapiens
440 2165 581 2219 Lucilius.’'
618 2164 724 2218 “Haud
742 2165 809 2223 mihi
827 2165 910 2219 deero

92 2240 161 2294 Oum
179 2257 224 2294 res
242 2243 301 2310 ipsa
318 2243 395 2296 feret.
430 2242 491 2294 Nisi
510 2242 608 2294 dextro
626 2245 749 2308 tempore
768 2240 856 2294 Flacci

91 2314 186 2370 Verba
202 2334 252 2385 per
269 2321 402 2371 attentam
420 2334 473 2370 non
491 2316 570 2370 ibunt
589 2317 713 2370 (laesuris
730 2332 832 2379 aurem,

84 2391 143 2445 'Oui
161 2393 231 2446 male
249 2394 271 2446 si
289 2394 400 2462 palpare
418 2393 572 2446 recalcitrat
590 2391 711 2460 undique
727 2391 826 2444 tutus.’'
916 2407 940 2446 ao

91 2467 223 2532 “Quanto
241 2471 341 2522 rectius
359 2469 409 2522 hoc
427 2485 508 2537 quam
526 2467 600 2522 tristi
618 2467 726 2520 laedere
745 2481 824 2518 versu

91 2543 284 2598 Pantolabum
301 2560 433 2597 scurram
450 2544 716 2608 Nomentanumque
732 2547 865 2608 nepotem,

92 2620 161 2674 (lum
173 2619 353 2690 sibiquisque
361 2620 448 2684 timet,
457 2635 620 2687 quamquam
631 2622 674 2670 est
683 2617 807 2680 intactus,
816 2619 845 2668 et
854 2614 938 2669 oditl''

92 2695 189 2760 “Quid
206 2697 319 2748 faciaml
355 2694 444 2748 Saltat
462 2695 599 2760 Milonius,
617 2697 650 2746 ut
668 2692 751 2744 semel
769 2692 824 2744 icto

92 2771 217 2824 Accessit
234 2772 324 2824 fervor
341 2771 423 2837 capiti
440 2785 624 2836 numerusque
642 2768 766 2820 lucernis.
915 2781 939 2821 11
1048 2775 1049 2810 l

92 2845 189 2900 (laetor
205 2846 309 2914 gaudet
327 2845 410 2913 equis,
429 2862 479 2898 ovo
496 2847 643 2912 prognatus
662 2842 758 2895 eodem

93 2921 211 2990 Puguis;
229 2925 295 2990 quot
312 2921 430 2988 capitum
448 2921 549 2990 vivum,
567 2917 683 2972 totidem
701 2915 853 2970 studiorum

93 2996 195 3052 Millia:
213 3013 257 3049 me
274 2995 391 3064 pedibus
409 2995 528 3048 delectat
545 2993 671 3046 claudere
689 2990 772 3045 verba

94 3071 178 3126 Lucili
195 3073 251 3125 ritu
268 3075 392 3124 nostrum
409 3069 528 3122 melioris
545 3072 669 3134 utroque.

14 3203 16 3240 ᾗ
95 3146 144 3203 Ille
161 3148 237 3204 velut
254 3145 317 3200 fidis
333 3159 431 3198 arcana
448 3141 585 3196 sodalibus
602 3140 666 3194 olim
