2126 3410
2 1619 12 1841 l

3 1937 7 2150 l

3 2209 7 2380 ι

3 2453 102 2636 ι

3 2705 101 2932 Ι

2 3005 10 3209 ’

355 157 558 208 ῠΑΒΜΙΝΌΜ
575 158 627 208 ῙΠ.
645 159 684 207 25.

228 240 280 297 Vel
297 255 348 294 nos
367 239 396 291 in
413 255 489 292 mere
506 238 660 306 proximum

261 317 394 371 Gemmas
411 317 440 367 et
457 313 563 382 lapides
580 329 677 366 aurum
695 315 725 366 et
741 312 845 382 inutile,

127 415 137 424 ·
228 390 332 447 Summi
350 390 493 442 materiem
511 388 584 455 mali,

261 465 408 520 Mittamus
427 463 561 517 scelerum
579 463 602 516 si
619 461 689 516 bene
707 463 837 531 poenitet.
918 483 942 522 ιιι

228 539 375 599 Eradende
392 539 529 607 cupidinis

262 616 343 670 Pravi
361 617 427 668 sunt
444 614 587 680 elementa,
606 615 635 666 et
652 615 765 667 tenerae
782 615 864 670 nimis

226 690 337 747 Montes
354 688 540 758 asperioribus

262 766 433 819 Formandae
451 763 558 818 studiis.
594 763 689 818 Nescit
706 779 777 833 equo
793 764 871 818 rudis

228 838 351 894 Haerere
369 841 503 908 ingenuus
519 854 589 907 puer
918 853 942 896 ss

260 916 417 984 Venerique
434 915 525 980 timet,
543 913 640 968 ludere
657 913 770 982 doctior,

227 988 281 1044 Seu
298 991 404 1044 Graeco
417 989 517 1058 jubeas
535 989 631 1042 trocho

260 1064 315 1118 Seu
332 1065 513 1134 malisvetita
530 1064 639 1131 legibus
656 1063 722 1132 alea,

227 1139 296 1194 cum
313 1140 426 1208 perjura
443 1139 532 1208 patris
550 1140 620 1194 fides

261 1215 422 1269 consortem
440 1214 543 1268 socium
561 1215 638 1269 fallat
655 1216 686 1268 et
702 1214 837 1284 hospitem
915 1231 939 1272 eo

226 1289 399 1358 Indignoque
416 1290 560 1358 pecuniam

259 1365 365 1418 Herodi
383 1370 519 1433 properet.
554 1364 664 1420 Scilicet
680 1365 821 1434 improbae

148 1441 153 1448 '
226 1439 359 1493 Crescunt
377 1441 508 1506 divitiae;
527 1445 620 1494 tamen

258 1514 326 1570 Ourt
314 1519 359 1570 tae
376 1516 466 1568 nesdo
484 1516 552 1584 quid
569 1531 678 1586 semper
694 1515 774 1570 abest
791 1520 839 1571 rel.

434 1629 554 1710 XXV.

224 1737 284 1802 Quo
300 1755 353 1804 me,
374 1737 489 1805 Bacche,
507 1739 580 1806 rapis
597 1740 639 1792 tui

259 1814 390 1867 Plenum?
402 1829 473 1882 quae
481 1830 592 1866 nemora
599 1817 647 1866 aut
654 1829 722 1882 quos
729 1815 828 1882 agorin
838 1830 934 1884 specus

222 1885 310 1942 Velox
328 1893 421 1942 mente
438 1891 525 1942 noval
543 1888 643 1957 quibus

259 1965 357 2018 Antris
375 1963 479 2032 egregii
498 1963 621 2017 Caesaris
638 1963 734 2018 audiar

223 2038 374 2092 Aeternum
392 2039 528 2092 meditans
546 2039 629 2092 decus
923 2055 935 2096 s

256 2114 374 2168 Stellis
366 2129 485 2168 inserere
504 2117 533 2167 et
550 2113 660 2167 consilio
677 2115 698 2168 J
699 2115 777 2171 ovisl

222 2180 343 2243 Dicam
335 2190 441 2256 msigne
459 2205 554 2242 recens
571 2189 660 2242 adhuc

255 2255 393 2318 Indietum
411 2281 458 2317 ore
475 2264 534 2318 alio
569 2265 596 2318 N
597 2280 633 2317 on
651 2279 728 2318 secus
745 2265 774 2318 iu
786 2265 863 2335 jugis

221 2339 411 2394 Exsomnist
385 2343 478 2406 stupet
496 2337 579 2392 Euias

255 2415 382 2468 Hebrum
400 2415 567 2482 prospiciens
584 2417 614 2468 et
631 2414 694 2469 nive
711 2415 858 2486 candidam
913 2439 934 2472 ro

220 2487 342 2543 Thracen
360 2506 391 2542 ac
408 2490 479 2556 pede
497 2489 613 2542 barbaro

254 2565 410 2618 Lustratum
430 2564 588 2633 Rhodopen,
605 2569 638 2620 ut
655 2565 721 2619 mihi
739 2563 819 2618 devio

219 2636 306 2706 Ripae
324 2643 354 2693 et
371 2656 487 2692 vacuum
504 2655 601 2692 nemus

253 2713 350 2767 Mirari
367 2715 443 2768 libet
479 2715 503 2768 Ο
522 2715 660 2768 Naiadum
677 2717 775 2784 potens

220 2786 445 2858 Baccharumque
462 2790 562 2844 valent
542 2793 611 2843 tium
909 2804 932 2846 ιι

253 2863 383 2917 Procerus
400 2865 525 2918 manibus
543 2868 651 2919 vertere
667 2863 794 2932 fraxinos,

217 2937 265 2992 Nil
283 2955 397 3006 parvum
415 2944 463 2992 aut
481 2940 576 2992 humili
593 2939 682 3005 modo,

252 3013 303 3066 Nil
317 3014 431 3067 mortale
449 3015 566 3099 loquar.
585 3013 671 3064 Dulce
688 3012 839 3078 periculum
857 3018 905 3078 est,

214 3085 243 3142 θ
262 3087 377 3154 Lenaee,
396 3089 475 3155 sequi
493 3087 574 3138 deum

253 3160 416 3230 cingentem
434 3159 515 3214 viridi
533 3161 656 3224 tempore
667 3157 805 3224 pampino.
904 3169 923 3206 r
