2116 3424
27 280 103 421 l

40 438 50 499 di

272 400 311 482 Q
351 403 604 472 HORATII
642 405 855 476 FLAOOI

408 553 723 622 CARMINUM

471 733 600 816 LIBER
620 733 646 794 L

233 940 458 1149 Maxime&
457 901 590 1058 edivinia
607 1003 719 1074 regrlrus

326 967 458 1164 praesi
446 1096 493 1132 um
511 1083 540 1134 et
557 1073 636 1134 dulce
653 1081 736 1136 decus
753 1096 852 1150 meum,

232 1153 305 1208 Sunt
322 1169 391 1221 quos
394 1153 542 1208 curriculo
559 1155 698 1224 pidverem
717 1157 887 1226 Olympicum

232 1228 486 1297 Oollegissejuvat
504 1233 633 1299 metaque
650 1231 763 1286 fervidis

232 1303 346 1358 Eritata
362 1304 438 1371 rotis,
455 1305 600 1374 palmaque
615 1305 722 1362 nobilis.

233 1377 382 1433 Terrarum
400 1379 523 1434 dominos
541 1380 633 1435 evehit
650 1382 686 1435 ad
704 1382 785 1451 Deos,

231 1453 354 1508 Hune
334 1471 356 1508 ιι
374 1452 514 1508 mobilium
531 1455 614 1510 turba
632 1456 779 1520 Quiritium

232 1528 331 1584 (lentat
348 1531 506 1598 tergeminis
524 1531 620 1586 tollere
637 1532 799 1598 honoribus;

233 1603 356 1657 Illum
335 1622 357 1658 ιι
375 1605 491 1674 proprio
502 1605 626 1660 condidit
643 1607 740 1661 horreo

232 1679 374 1748 Quidquid
393 1680 428 1734 de
446 1681 554 1750 Libyeis
571 1683 690 1736 verritur
706 1682 784 1737 areis.

231 1754 405 1810 Gaudentem
423 1757 528 1825 patrios
545 1757 649 1811 findere
667 1757 773 1812 sarculo

232 1830 324 1898 Agros
342 1830 471 1885 Attalicis
488 1831 689 1887 conditionibus

230 1901 381 1974 Nunquam
399 1905 544 1975 dimoveas,
561 1910 594 1961 ut
611 1906 691 1961 trabe
708 1907 808 1977 Cypria

230 1977 372 2048 Myrtoum
390 1981 505 2050 pavidus
522 1986 605 2037 nauta
623 1986 698 2037 seoet
713 1999 795 2039 mare

230 2055 394 2112 Luctantem
412 2056 507 2110 Icariis
525 2057 652 2112 fluetibus
670 2058 793 2113 Africum

231 2131 371 2185 Mercator
387 2135 512 2186 metuens
529 2133 615 2187 otium
633 2137 662 2188 et
679 2133 773 2202 oppidi

230 2204 340 2260 laudat
357 2219 422 2260 rura
439 2207 496 2273 sui;
514 2223 577 2262 mox
594 2209 682 2262 reiicit
699 2211 774 2264 rates

231 2281 351 2345 Quassus
368 2281 491 2336 indocilis
508 2283 665 2352 pauperiem
683 2283 748 2352 pati.

229 2355 282 2410 Est
299 2357 346 2424 qui
363 2373 413 2410 neo
429 2358 531 2411 veteris
548 2357 644 2426 poeula
661 2357 771 2412 Massici

228 2431 256 2486 N
259 2449 289 2486 eo
307 2435 414 2500 partem
431 2433 517 2487 solido
535 2434 645 2487 demere
663 2433 762 2488 dedis
830 2447 832 2453 “

227 2507 347 2576 Spernit,
364 2524 435 2562 nune
452 2508 533 2562 viridi
551 2508 674 2564 membra
691 2509 742 2563 sub
759 2511 859 2564 arbuto

227 2583 346 2650 Stratus,
365 2599 436 2637 nune
452 2584 488 2637 ad
506 2601 593 2652 aquae
610 2585 670 2639 lene
688 2589 770 2654 caput
788 2601 885 2644 sacrae

226 2658 332 2712 Multos
349 2662 441 2713 castra
453 2658 553 2724 iuvant
571 2664 600 2713 et
617 2660 685 2714 lituo
701 2661 786 2714 tubae

226 2731 386 2787 Permixtus
403 2733 506 2786 sonitus
524 2733 648 2803 bellaque
666 2734 799 2788 matribus

226 2807 380 2863 Deiesiata
416 2809 511 2863 Manet
529 2809 580 2863 sub
598 2810 667 2864 Jove
684 2809 785 2877 frigido
848 2851 852 2862 .

224 2882 350 2938 Venator
366 2888 480 2938 tenerae
497 2885 620 2954 conjugis
637 2885 785 2955 immemor,

223 2956 282 3014 Seu
299 2959 357 3012 visa
375 2963 418 3014 est
434 2959 533 3013 catulis
550 2976 631 3013 cerva
647 2958 781 3028 fidelibus,

222 3033 280 3088 usu
297 3035 374 3102 mpii
390 3037 495 3088 teretes
514 3034 623 3086 Marsus
640 3049 707 3117 aper
723 3033 825 3100 plagas
938 3070 940 3076 .

221 3109 272 3162 Me
291 3109 434 3162 doctarum
452 3107 571 3160 hederae
588 3105 711 3172 praemia
728 3105 858 3158 frontium

220 3183 274 3241 Dis
292 3183 408 3243 misoeut
425 3179 549 3244 superis3
566 3194 611 3230 me
628 3177 748 3244 gelidum
765 3191 862 3230 nemus
