2144 3420
12 59 16 242 ι
328 119 586 179 ammoneantu-
599 129 683 180 1.1e
867 117 926 180 'lul

78 205 163 280 ⁴diter
180 203 292 259 rixatur
305 206 341 260 de
357 209 420 261 lana
437 225 519 277 saepe
536 209 655 276 caprina,
775 241 780 248 ·
909 221 933 264 it

80 269 243 350 Propugnat
259 282 338 369 nugis
355 287 490 338 armatus:
508 283 637 341 “Scilicet
653 285 686 338 ut
702 299 756 339 uon

79 358 125 412 Sit
141 357 209 412 mihi
230 357 318 426 prima
335 345 412 424 tides,
430 362 460 412 et
476 375 541 414 vere
556 359 630 427 quod
647 358 737 426 placet
755 360 859 412 utnon

12 477 13 496 ι
80 433 194 486 Acriter
211 428 340 487 elstram!
378 433 501 487 Pretium
518 438 593 488 aetas
610 435 698 487 altera
716 434 834 489 sordet.”

79 507 243 576 Ambigitur
255 507 322 584 quid
334 509 423 563 enimi
460 509 557 563 Castor
569 509 637 562 sciat
649 525 684 562 an
696 509 824 564 Dolichos
835 509 897 578 plus
904 529 925 574 3,

78 583 260 656 Brundisium
278 583 381 636 Minuci
398 584 495 640 melius
513 585 557 638 via
574 584 656 638 ducat
674 600 709 638 an
728 584 810 653 Appi.
905 599 930 638 ao

80 657 170 722 Quem
188 659 319 712 damnosa
337 659 439 726 Venus,
459 675 540 727 quem
558 675 688 728 praeceps
705 659 765 712 alea
781 657 877 724 nudat,

80 733 176 788 Gloria
193 750 275 802 quem
293 750 376 802 supra
393 735 465 788 vires
483 737 512 788 et
527 737 589 788 rest
577 733 613 787 tit
630 737 659 787 et
676 733 762 801 ungit,

12 835 13 882 ι
80 809 170 872 Quem
187 813 267 864 tenet
283 809 392 876 argenti
410 810 470 865 sitis
487 810 644 876 importuna
659 808 806 895 famesque,

12 887 13 942 j
80 883 170 947 Quem
186 884 357 959 paupertatis
374 884 509 953 puderet
526 884 598 952 fuga,
616 884 694 938 dives
710 885 813 944 amicus

79 959 180 1046 Saepe
186 951 283 1012 decem
301 959 374 1012 vitiis
391 959 550 1012 instructior
568 957 628 1012 odit
645 961 676 1012 et
692 957 800 1013 horret.
907 971 932 1011 at

12 1077 13 1092 ,
79 1035 141 1087 Aut
159 1033 182 1086 si
199 1049 255 1088 non
272 1033 332 1088 odit
350 1035 430 1102 regit,
450 1051 481 1088 ao
498 1032 583 1086 veluti
601 1033 646 1102 pia
663 1036 752 1088 mater

12 1117 13 1154 ἲ
80 1109 147 1163 Plus
165 1125 262 1237 qnam
266 1125 296 1162 se
313 1125 408 1178 sapere
426 1113 455 1164 ct
472 1108 619 1162 virtutibus
637 1124 697 1161 csse
711 1107 829 1176 priorem

12 1199 13 1216 ³
80 1182 157 1251 Vult,
176 1187 205 1237 et
222 1185 262 1237 ait
279 1200 365 1252 prope
381 1199 460 1238 vera:
479 1183 581 1240 “Meae
600 1183 774 1252 (contendere
783 1183 855 1262 noli)

80 1225 233 1310 Stult’itiam
251 1257 393 1324 patiuntur
410 1274 491 1326 opes;
508 1257 560 1312 tibi
577 1259 690 1326 parvula
707 1275 751 1312 res
769 1249 824 1313 est:

80 1335 154 1388 Arta
171 1332 252 1387 decet
269 1349 364 1386 sanum
382 1334 509 1387 comitem
526 1338 606 1400 togam
623 1333 719 1388 desine
736 1350 842 1388 mecum
906 1347 932 1388 uo

80 1403 219 1462 Cartare?
255 1407 419 1476 Eutrapelus
437 1409 588 1476 cuicunque
605 1423 703 1462 nouere
719 1409 828 1462 volebat

79 1479 256 1556 Vestimenta
274 1481 358 1536 dabat
375 1483 508 1551 pretiosa:
528 1482 625 1536 beatus
643 1483 714 1540 anim
729 1482 808 1549 jam·¹
917 1485 919 1490 '

80 1558 150 1612 Oum
168 1558 290 1626 pulchris
307 1558 407 1612 tunicis
426 1561 515 1614 sumet
532 1573 602 1612 nova
618 1557 729 1615 consilia
747 1561 778 1612 et
794 1573 863 1627 spes,

80 1631 208 1686 Dormiat
225 1633 253 1684 in
271 1633 366 1700 lucem,
385 1637 475 1686 scorto
491 1635 637 1702 postponet
654 1632 798 1687 honestum

80 1707 223 1772 Officium·
233 1723 357 1764 nummos
373 1707 476 1761 Menos
493 1711 594 1776 pascet,
611 1706 747 1764 adimam
784 1741 787 1748 ·
903 1721 927 1761 st

80 1781 172 1835 Thrax
190 1782 245 1836 erit
262 1785 310 1836 aut
328 1781 433 1837 olitoris
450 1785 514 1849 aget
531 1781 658 1836 mercede
675 1781 817 1840 caballum.

12 1895 15 1914 .
81 1857 222 1914 Arcanum
240 1873 329 1924 neque
346 1861 378 1910 tu
396 1855 561 1910 scrutaberis
579 1857 650 1910 illius
667 1873 794 1925 unquam,
844 1905 846 1911 ,

12 1935 14 2008 ξ
81 1931 316 1998 Commissumque
334 1935 412 2000 teges
429 1936 458 1986 et
476 1931 538 1986 vino
555 1936 644 1986 tortus
662 1937 691 1986 ct
708 1933 763 1996 ira;
821 1969 824 1976 »

12 2009 13 2032 ¹
81 2005 141 2061 Nec
158 2010 208 2060 tua
224 2005 349 2060 laudabis
367 2007 458 2060 studia
475 2012 524 2060 aut
541 2007 629 2060 aliena
647 2006 804 2076 reprendes,
895 2049 906 2074 ,

12 2043 15 2152 i
81 2082 140 2136 Nec
158 2097 220 2136 uim
238 2082 331 2136 venari
348 2082 422 2136 volet
439 2082 486 2136 ille
504 2086 631 2150 poemata
648 2098 757 2150 pangas.
906 2097 929 2137 so

81 2155 179 2212 Gratia
193 2158 235 2211 sic
252 2159 368 2210 fratrum
385 2158 555 2226 geminorum
574 2157 736 2226 Amphionis
753 2157 837 2228 atque
911 2213 915 2226 ,

80 2231 160 2286 Zethi
179 2233 304 2300 dissiluit,
323 2232 409 2290 donec
427 2237 563 2320 suspecta·
572 2249 666 2289 severo

80 2308 221 2361 Conticuit
237 2307 301 2375 lyra.
337 2307 478 2361 Ilratemis
495 2307 609 2362 cessisse
624 2311 738 2376 putatur

81 2383 206 2435 Moribus
225 2382 378 2451 Amphion:
399 2386 431 2436 tu
448 2383 515 2436 cede
533 2398 568 2450 po
569 2382 654 2436 tentis
671 2381 749 2434 amici

80 2457 203 2528 Lenibus
220 2457 351 2524 imperiis,
368 2457 529 2526 quotiesque
547 2456 646 2510 Mouet
662 2457 691 2509 in
709 2471 787 2524 agros
907 2464 930 2504 st

12 2547 13 2606 j
81 2531 190 2586 Aetolis
206 2537 319 2588 onerata
336 2530 424 2604 plagis
438 2531 565 2600 jumenta
583 2547 726 2600 canesque,
815 2545 818 2552 ·

80 2607 170 2674 Surge
187 2609 217 2667 jet
234 2606 398 2662 inhumanae
416 2607 519 2662 senium
539 2606 645 2674 depone
664 2609 805 2676 (lamense,
910 2613 914 2621 “

12 2713 13 2736 ι
80 2682 187 2736 Coenes
203 2685 235 2734 ut
252 2681 357 2752 pariter
373 2681 516 2754 pulmenta
532 2681 670 2735 laboribus
688 2684 796 2749 empta;

12 2751 13 2788 3
81 2756 213 2811 Romanis
230 2757 362 2810 sollemne
379 2757 445 2812 viris
463 2773 537 2825 opus,
554 2757 622 2810 utile
640 2757 728 2810 famae
801 2813 803 2821 ,

79 2831 219 2904 ¹llitaeque
237 2835 267 2888 et
284 2831 420 2900 membris,
440 2832 601 2902 praesertim
619 2848 681 2886 cum
698 2831 788 2886 valeas
805 2835 835 2886 et
903 2843 928 2885 so

81 2905 134 2960 Vel
152 2923 236 2960 eursu
253 2923 382 2974 superare
399 2923 494 2963 canem
511 2906 555 2960 vel
574 2907 676 2960 viribus
694 2923 790 2976 aprum

80 2980 180 3036 Possis.
216 2981 299 3034 Adde
318 2981 407 3036 virilia
424 2981 498 3050 quod
516 2982 663 3050 speciosius
680 2997 756 3034 arma

79 3054 144 3109 Non
162 3055 272 3123 estqui
290 3061 405 3112 tractet:
425 3057 485 3124 scis,
503 3072 557 3124 quo
574 3057 690 3110 obmore
709 3071 824 3110 coronae

80 3129 190 3185 Proelia
208 3129 344 3198 sustineas
360 3130 538 3199 campestria;
549 3131 677 3200 denique
691 3145 800 3184 saevam
