2116 3424
357 108 501 158 eARMIN
508 107 561 156 ΠΜ
580 109 601 156 Ι.
621 111 642 158 3.
656 153 659 160 i

178 189 244 244 Sive
262 191 294 243 tu
312 187 404 252 mavis,
423 185 538 254 Erycina
555 185 656 254 ridens,

178 264 269 328 Quam
286 261 370 316 Joeus
388 261 579 316 circumvolet
597 265 626 314 et
644 262 766 330 (lupid03

177 338 244 393 Sive
260 338 417 406 neglectum
432 353 519 406 genus
536 341 566 392 et
583 340 697 405 nepotes

284 413 407 482 Respicis
424 416 527 480 auctor,

179 487 247 542 Heu
263 488 344 542 nimis
361 489 440 556 longo
458 489 558 542 satiate
574 487 648 556 ludo,

179 563 268 628 Quem
281 563 362 631 juvet
379 563 481 616 elamor
497 564 646 650 galeaeque
662 563 736 618 leves

179 639 256 704 Acer
272 642 302 693 et
320 639 410 692 Mauri
427 639 530 707 peditis
548 643 690 692 cruentum

283 714 385 768 Vultus
403 714 431 766 in
448 713 571 779 hostem3

179 788 245 844 Sive
262 792 367 843 mumta
381 788 512 857 juvenem
530 790 618 857 ligure

179 863 250 925 Ales
266 863 295 916 in
313 864 394 918 terris
411 864 534 932 imiteris,
553 865 640 920 elmee

179 938 267 993 Filius
284 938 384 1005 Maiae,
400 940 510 1008 petiens
527 939 618 994 voeeri

284 1013 408 1068 Gseseris
425 1014 514 1068 ultor:

179 1087 264 1143 Serus
280 1089 309 1142 in
326 1089 430 1142 eaelum
447 1089 544 1142 redeas
562 1088 665 1158 diuque

178 1163 284 1218 Laetus
300 1163 411 1220 intersis
428 1163 528 1232 populo
546 1163 671 1230 Quirini3

178 1237 207 1296 N
208 1255 258 1292 ere
274 1242 304 1292 te
320 1239 421 1293 nostris
438 1239 512 1293 vitiis
529 1239 667 1308 iniquum¹

285 1313 366 1368 Ocior
382 1329 450 1368 aure

179 1387 285 1444 'l'olletz
303 1389 347 1443 hio
363 1405 476 1458 umguos
493 1391 584 1458 potius
602 1390 762 1458 triumphos,

179 1463 237 1517 Hie
253 1476 328 1518 emes
345 1463 400 1518 diei
416 1468 497 1533 pater
514 1469 598 1533 etque
615 1465 750 1533 princeps,
820 1479 825 1488 ’

177 1537 244 1593 Neu
261 1538 333 1592 unas
351 1539 450 1592 Medos
467 1541 591 1608 equitare
608 1540 709 1594 inultos

283 1613 321 1668 Te
339 1613 416 1682 duee,
435 1615 542 1671 Geessr.

473 1755 531 1811 III.

196 1793 198 1797 Α
248 1835 295 1890 Sro
312 1839 342 1891 te
359 1837 423 1892 dive
439 1841 537 1906 potens
555 1839 644 1986 (ffiri,

213 1910 260 1966 Sie
276 1912 376 1982 fratres
395 1913 519 1977 Helenae
535 1914 564 1968 lu
609 1915 741 1982 asidera,

250 1986 553 2055 Ventorumque'reget
570 1993 657 2058 peter,

215 2060 366 2116 Obstriotis
383 2063 443 2116 eliis
460 2067 571 2131 praeter
589 2063 706 2132 iapyge:

249 2137 276 2190 N
277 2137 341 2205 svis,
360 2155 429 2207 quse
446 2138 497 2191 tibi
515 2139 650 2192 creditum

213 2211 306 2266 Debes
325 2213 476 2280 Virgilium,
496 2213 594 2268 finibus
613 2214 715 2270 Atticis
830 2279 834 2288 .

249 2285 362 2340 Reddas
380 2288 542 2342 ineolumem
560 2306 663 2357 precor,

214 2361 253 2416 Et
270 2379 360 2416 serves
379 2364 483 2416 enimse
501 2363 644 2418 dimidium
661 2381 746 2422 mese.

252 2435 296 2490 Illi
312 2437 397 2492 robur
414 2442 444 2492 et
461 2455 507 2492 aes
525 2440 626 2507 triplex

216 2510 295 2566 (lires
311 2517 407 2581 peetus
425 2517 484 2568 eret
502 2513 548 2582 qui
567 2515 691 2582 fragilem
709 2515 781 2569 truci

250 2587 391 2653 Commisit
409 2589 505 2658 pelago
523 2594 617 2650 retem,

214 2658 330 2730 Primus,
348 2679 399 2716 nee
416 2661 507 2718 timuit
526 2665 702 2733 praeeipitem
721 2663 844 2718 Africum

249 2719 442 2792 Deoertuntem
461 2739 650 2807 Aquilonibus,
709 2756 712 2762 ·

215 2808 275 2865 Nee
292 2811 386 2866 tristes
407 2812 527 2881 Hyades,
545 2831 593 2867 neo
611 2813 715 2868 rabiem
732 2813 805 2882 Noti,

250 2884 309 2948 Quo
326 2903 380 2940 non
398 2887 503 2942 arbiter
522 2887 644 2943 Hadriae
902 2903 924 2945 is
958 2913 963 2922 ·

214 2957 313 3028 Major,
331 2961 427 3015 tollere
446 2978 495 3015 seu
512 2979 614 3029 ponere
628 2961 688 3014 vult
707 2962 785 3016 fretu

249 3033 335 3100 Quem
354 3035 454 3088 Mortis
472 3034 563 3088 timuit
579 3034 695 3101 gradum

213 3109 267 3174 Qui
285 3109 361 3163 sieeis
378 3108 463 3162 oeulis
481 3111 602 3160 monstra
618 3107 747 3172 ostentis,
