2126 3410
17 119 22 238 l
210 173 216 186 ,
349 137 598 190 ssTmsnuur
611 143 635 191 e
893 140 939 191 ,ιιι
1045 109 1046 198 l

17 239 21 269 l
91 213 143 278 Qui
160 216 281 285 stupet
272 233 301 270 m
318 218 406 272 titulis
424 225 453 274 et
469 221 639 289 imaginibus.
674 220 748 286 Quid
765 224 874 300 oportet

91 289 116 342 N
118 307 148 344 os
164 291 256 346 faeere
273 309 290 345 a
307 293 387 362 vulgo
405 294 484 362 longe
502 295 636 363 longeque
654 291 816 348 remotosl

91 365 218 435 Namque
236 372 295 421 esto
311 369 426 438 populns
445 371 562 424 Laevino
580 371 674 424 mallet
690 371 820 424 honorem

17 465 18 468 ¹
92 441 179 504 Quam
198 443 283 496 Decio
300 445 431 499 mandare
448 463 525 512 novo,
544 463 693 514 censorque
710 449 831 504 moveret
921 461 944 502 n
1045 453 1046 462 ’

93 518 225 586 Appius
217 535 264 587 mg
266 535 335 573 enno
353 521 376 574 si
394 537 447 574 non
465 531 553 575 essem
571 525 761 591 patronatus.

92 592 144 646 iel
162 594 263 647 merito
281 597 408 663 quoniam
425 597 453 652 in
471 597 581 666 propria
598 613 651 650 non
669 597 740 665 pelle
758 597 901 665 quiessem

92 667 148 722 Sed
164 668 287 737 fulgente
304 670 391 725 trahit
407 673 568 726 constrictos
587 672 680 725 Gloria
698 688 780 724 curru

17 803 18 812 ἵ
92 743 117 796 N
120 760 154 797 on
171 745 262 798 minus
279 746 387 813 ignotos
404 748 550 814 generosis.
586 747 646 811 Quo
663 746 722 814 tibi,
740 746 809 816 Τιιιι,

92 819 206 874 Sumere
223 820 380 890 depositum
398 822 503 876 clavum
521 823 636 890 fierique
653 821 781 876 tribunol
919 835 944 876 ae

92 893 201 958 Invidia
216 898 334 951 accrevit
351 897 456 964 privato
474 915 544 967 quae
561 899 650 950 minor
667 901 748 951 esset

92 968 162 1024 Nam
180 975 213 1025 ιιι
230 974 346 1042 quisque
363 972 472 1026 insanus
490 973 575 1042 nigris
592 972 712 1026 medinm
730 973 854 1041 impediit
867 989 931 1028 eros

93 1044 212 1101 Pellibus
230 1053 259 1101 et
277 1048 362 1101 latum
381 1047 491 1102 demisit
508 1053 620 1117 pectore
637 1048 749 1116 clavum,

92 1121 182 1181 Audit
193 1123 333 1177 continuo:
347 1123 430 1188 “Quis
441 1123 522 1178 homo
534 1124 577 1178 hic
589 1126 648 1178 esti
667 1141 721 1192 quo
733 1127 812 1193 patre
824 1123 941 1178 natusl”

91 1195 170 1250 Ut
148 1214 171 1250 si
191 1198 238 1266 qni
255 1203 381 1266 aegrotet
398 1215 452 1268 quo
469 1199 564 1253 morbo
582 1199 691 1266 Barrus,
708 1199 804 1255 haberi
918 1213 942 1254 ιι

90 1271 130 1326 Ut
147 1275 241 1342 cupiat
256 1273 397 1340 formosus,
415 1279 461 1328 eat
478 1291 638 1343 quacunque
647 1241 753 1344 pdellis

90 1347 202 1416 injiciat
219 1365 312 1402 curam
329 1349 478 1418 quaerendi
496 1351 610 1418 singula,
627 1349 701 1418 quali

90 1424 131 1478 eit
148 1425 225 1492 facie,
243 1441 314 1490 sina,
333 1426 405 1493 quali
423 1426 503 1494 pede,
521 1425 612 1492 dente,
630 1425 739 1494 capillo:

17 1557 18 1562 ,
90 1498 134 1552 eie
151 1500 199 1568 qni
216 1500 355 1569 promittit
371 1501 450 1568 cives,
467 1501 564 1556 urbem
582 1500 634 1554 sibi
651 1517 740 1564 curae,
760 1527 767 1538 ν

89 1574 241 1644 Imperium
258 1575 316 1628 fore
333 1578 363 1628 et
381 1575 498 1644 Italiam,
516 1575 631 1629 delubra
648 1576 768 1643 deornm,
918 1590 942 1631 te

90 1649 149 1714 Quo
166 1654 246 1720 patre
264 1651 301 1704 sit
318 1653 405 1718 natue,
424 1667 489 1704 num
506 1652 600 1719 ignota
617 1654 705 1705 matre
723 1653 888 1720 inhonestus,

89 1725 192 1780 Omnes
208 1726 339 1779 mortales
356 1742 451 1780 curare
469 1729 498 1780 et
516 1743 649 1794 quaerere
667 1727 746 1794 cogit.

89 1802 187 1856 “Tune
205 1801 272 1869 Syri,
292 1801 402 1868 Damae,
420 1807 469 1856 ant
487 1803 598 1871 Dionysi
616 1802 694 1868 filius,
712 1801 798 1856 audes

89 1873 216 1946 Dejioere
234 1894 250 1931 e
268 1893 333 1930 saxo
350 1877 422 1930 cives
440 1881 488 1930 aut
476 1878 617 1932 ttradere
636 1844 778 1932 (ladmol”

89 1954 151 2006 “At
169 1952 275 2006 Novius
294 1952 397 2019 collega
412 1953 501 2022 gradu
519 1958 581 2022 post
599 1969 643 2007 me
662 1954 742 2007 sedet
759 1970 825 2019 ιιιιο;
917 1969 942 2010 lo

90 2027 114 2080 ll
117 2045 217 2096 amque
227 2032 269 2082 est
277 2027 323 2080 illc
332 2035 412 2096 pater
419 2027 493 2098 quod
501 2036 561 2082 erat
569 2028 667 2082 meus.’'
681 2029 820 2082 “Hoctibi
833 2029 941 2083 Paullus

90 2103 127 2157 Ει
145 2102 276 2157 Messalla
292 2103 411 2157 videris?
450 2103 557 2170 Athin,
576 2103 599 2156 si
617 2102 721 2171 plostra
739 2104 856 2159 ducenta

91 2179 315 2248 Goneunantqne
334 2180 391 2232 foro
408 2179 463 2232 tria
480 2181 582 2244 lunera,
601 2196 699 2247 magna
717 2179 825 2235 sonabit

91 2255 200 2310 Cornua
218 2256 291 2324 quod
309 2256 454 2324 vincatque
471 2255 552 2310 tubas
561 2275 568 2320 ;
586 2255 682 2310 saltem
700 2259 779 2310 tenet
795 2256 846 2310 hoo
863 2256 934 2311 nos!⁹

91 2332 171 2386 Nunc
188 2331 225 2386 ad
242 2348 285 2386 me
302 2331 387 2385 redeo
404 2331 532 2384 libertino
549 2336 629 2400 patre
647 2335 750 2399 natum,
917 2345 942 2386 ιι

92 2407 180 2472 Quem
197 2407 300 2461 rodunt
317 2423 410 2460 omnes
427 2407 553 2460 libertino
571 2412 650 2476 patre
667 2412 769 2473 netum,

91 2483 116 2536 N
119 2499 172 2536 uno
189 2483 255 2552 quia
273 2498 333 2536 sum
350 2481 408 2546 tibi,
427 2482 577 2550 Maecenas,
595 2483 745 2548 convictor3
762 2485 791 2536 at
808 2481 873 2536 olim

93 2557 173 2622 Quod
190 2557 257 2610 mihi
275 2560 385 2625 pareret
401 2556 472 2624 legio
491 2557 613 2610 Romana
630 2557 747 2610 tribuno.

92 2632 231 2688 Dissimile
247 2633 298 2686 hoc
315 2633 362 2690 illi.
373 2636 431 2698 est3
449 2633 583 2700 quianon
601 2635 633 2687 ιιι
652 2633 728 2686 forsit
743 2631 873 2686 honorem

90 2709 162 2763 *dure
180 2709 247 2762 mihi
264 2708 386 2762 invideat
403 2708 491 2776 quivis
508 2708 547 2762 ita
564 2711 594 2762 te
611 2723 719 2777 quoque
736 2707 861 2775 amioum,
918 2718 943 2761 to

94 2785 261 2853 Rraesertim
278 2789 388 2838 cautum
406 2784 501 2852 dignos
518 2800 663 2846 assmnere‚
680 2799 764 2852 prava

94 2859 252 2914 Ambitione
262 2859 369 2928 procul.
405 2858 523 2913 Felicem
541 2859 632 2912 dicere
649 2875 702 2912 non
719 2857 771 2912 hoe
807 2913 810 2918 ,

95 2935 141 2990 Me
158 2951 268 3004 possum
286 2950 350 2988 casu
368 2933 442 3002 quod
459 2937 489 2988 te
507 2933 620 2988 sortitus
637 2934 770 2998 amicum3

96 3010 177 3065 Nulla
194 3011 296 3064 etenim
315 3009 381 3062 mihi
398 3013 427 3062 te
445 3009 501 3062 fors
519 3009 631 3062 obtulit:
649 3009 768 3075 optimus
786 3006 850 3061 olim

96 3082 233 3154 Virgilius,
250 3088 314 3154 post
330 3084 403 3136 hune
422 3083 522 3134 Varius
540 3081 636 3151 disere
654 3081 722 3146 quid
742 3096 838 3134 essem
918 3094 943 3134 eo

17 3187 19 3240 ἱ
72 3219 78 3232 .
96 3157 136 3214 Ut
152 3161 214 3243 veni
231 3175 322 3214 eoram
339 3155 476 3223 singultim
493 3167 580 3222 pauca
596 3153 709 3216 locutus,
