2144 3420
365 407 695 478 EPISTOLARUM

235 619 240 628 ’
329 641 489 701 mesu
522 642 734 704 neruus,

102 958 205 1013 Purus
221 961 294 1015 dicte
311 960 386 1028 milri,
405 977 510 1016 summo
527 962 643 1016 dicende
660 962 800 1030 (lemene,

102 1034 266 1102 Spectatum
283 1037 350 1090 satis
367 1039 397 1090 ct
415 1037 545 1090 dsuetum
559 1037 619 1105 jam
636 1037 705 1092 rude
723 1037 838 1106 quaeris,

102 1107 257 1178 Maecenas,
274 1111 375 1164 iterum
393 1113 506 1180 antiquo
523 1129 567 1166 me
584 1112 812 1180 includereludo.
900 1111 901 1114 ’

102 1183 131 1236 N
132 1201 169 1237 on
186 1186 282 1238 esdenr
300 1188 343 1238 est
360 1189 515 1254 oetasnon
532 1201 630 1240 mens·
650 1187 780 1240 Veianius
797 1187 879 1240 armis

103 1255 234 1312 Herculis
251 1260 288 1312 ad
304 1264 411 1329 postem
428 1261 490 1314 lixis
507 1261 576 1316 latet
593 1261 704 1315 abditus
721 1278 793 1330 ogr-0,
817 1273 822 1284 ’
938 1276 951 1316 ι

102 1332 131 1386 N
132 1350 150 1387 e
165 1335 295 1403 populum
313 1337 537 1395 extremototies
555 1341 651 1390 exoret
668 1353 756 1390 erens.
791 1393 795 1400 ,

102 1409 158 1462 Est
173 1409 240 1462 milri
257 1415 401 1478 purgatam
418 1411 514 1464 crebro
532 1411 579 1478 qui
596 1415 725 1478 personet
742 1426 848 1466 aurem:

102 1483 184 1536 Solve
201 1488 388 1538 senescentem
405 1490 512 1541 mature
530 1501 610 1538 sanus
628 1501 734 1551 equum,
751 1501 786 1537 ue

102 1556 204 1612 Peccet
221 1559 257 1611 sd
274 1563 322 1612 ext
323 1575 428 1613 remum
444 1559 575 1614 ridendus
593 1562 622 1612 et
610 1558 686 1611 tilia
703 1555 792 1610 ducat.

100 1632 129 1686 N
130 1649 184 1686 unc
200 1635 294 1702 itaque
312 1637 342 1688 et
358 1651 452 1688 versus
470 1638 499 1688 et
514 1638 606 1687 cetera
623 1633 727 1686 ludicra
744 1643 951 1701 ponc,1o·

3 1729 4 1778 ff
101 1707 946 1788 Quidverumstquedeceuscuroetrogoetomnisinhoosuru;

101 1783 199 1837 (londo
216 1790 246 1837 et
263 1801 394 1854 compono
411 1801 481 1853 quoe
500 1801 563 1840 mox
582 1785 741 1852 depromere
757 1785 866 1853 possim

100 1861 147 1911 Ac
163 1875 199 1912 ne
216 1860 288 1914 forte
305 1877 385 1928 roges
403 1877 457 1928 quo
475 1877 519 1913 me
537 1860 613 1925 duee,
632 1875 686 1928 quo
702 1858 760 1912 lure
775 1862 821 1913 tut
809 1863 859 1928 ter,

3 1975 4 1994 ι
99 1933 211 1988 Nullius
229 1934 382 1990 addictus'
369 1951 465 2014 jurare
481 1934 511 1988 in
528 1935 612 1988 verbe
628 1933 752 2002 magistri

101 2009 162 2072 Quo
179 2026 224 2063 me
241 2027 348 2078 cunque
365 1995 438 2078 rapit
454 2013 603 2078 tempestas
621 2009 731 2064 deferor
750 2008 853 2078 hospes
925 2025 946 2064 ιι

98 2081 127 2135 N
128 2097 182 2136 unc
198 2083 276 2150 egilis
294 2083 330 2135 fio
348 2087 377 2138 et
395 2100 500 2138 mersor
516 2083 639 2136 civilibus
648 2083 745 2152 undis,

98 2155 221 2210 Virtutis
239 2174 319 2210 verae
336 2162 428 2213 custos
444 2158 604 2227 rigidusque
620 2162 662 2213 sat
650 2159 743 2223 tel;les

97 2233 206 2286 Nunc'
198 2250 227 2286 m
246 2234 383 2302 Aristippi
401 2234 496 2288 furtim
514 2237 660 2302 praecepta
677 2221 791 2302 relabor,

98 2308 139 2360 Ει
155 2308 222 2360 mihi
240 2325 284 2362 res
302 2325 416 2364 nonme
433 2308 515 2363 rebus
535 2308 701 2376 subjungere
718 2325 808 2364 eonor.
849 2367 851 2372 s

97 2383 141 2436 Ut
157 2399 212 2436 nox
229 2383 312 2450 longa
328 2383 426 2451 quibus
443 2383 577 2436 mentitur
594 2383 687 2448 amica,
706 2383 819 2450 diesque
922 2401 946 2438 sc

97 2457 195 2530 Longa
209 2458 319 2512 videtur
336 2475 404 2526 opus
423 2457 593 2525 debentibus
611 2461 643 2510 ut
660 2457 739 2524 piger
756 2461 841 2512 onnus

97 2533 214 2600 Pupillis
231 2550 299 2602 quos
317 2533 387 2586 dure
399 2533 502 2620 premit
521 2532 645 2586 custodia
662 2535 795 2598 matrum;

96 2607 143 2663 Sic
161 2608 228 2668 mibi
245 2608 327 2661 tardo
343 2607 432 2660 fluunt
420 2608 540 2675 tingret
541 2623 611 2674 oque
629 2611 759 2674 tempora,
780 2622 850 2674 quae
867 2624 942 2676 spem

96 2683 300 2751 Consiliumque
319 2686 460 2736 morantur
479 2681 578 2749 agendi
595 2683 701 2734 noviter
719 2681 749 2733 id
767 2680 841 2749 quod

96 2761 197 2828 Aeque
216 2749 381 2826 pauperibus
400 2757 520 2844 prodest,
540 2756 720 2824 locupletibus
739 2772 833 2826 seque,
919 2772 942 2812 ιι

95 2835 196 2902 Aeque
213 2849 267 2900 neg
250 2833 368 2886 ⁰*lectum
386 2833 478 2920 pueris
498 2832 661 2900 senibusque
679 2831 793 2885 nocebit.

95 2907 196 2976 Restat
214 2907 308 2960 uthis
327 2924 378 2974 ego
396 2924 441 2960 me
457 2908 515 2975 ipse
535 2923 629 2973 regem
649 2906 773 2974 solerque
793 2905 934 2960 elementis
921 2923 941 2960 s.

95 2981 159 3036 Nou
176 2982 263 3050 possis
280 2982 356 3035 oculo
375 2985 507 3051 quantum
526 2981 690 3036 contendere
709 2981 839 3053 Lynceus,

94 3055 122 3111 N
124 3073 159 3111 ou
177 3060 269 3110 temen
287 3057 388 3110 idcirco
406 3060 563 3110 contemnas
580 3055 670 3123 lippus
688 3056 797 3123 iuungi;

94 3131 153 3186 Nec
172 3131 237 3200 quio
255 3131 384 3200 desperes
402 3130 495 3185 invicti
513 3129 636 3183 membra
655 3129 786 3199 Glyconis,
916 3147 941 3188 so
