2144 3420
106 127 152 176 190
352 125 529 188 glsoaa'ffl
546 127 676 178 ranem

103 201 196 260 Dente
212 205 346 271 lacessiti,
368 207 421 262 fuit
438 207 549 262 intactis
567 225 675 277 quoque
696 224 763 264 cura

104 280 267 336 Conditione
285 299 367 350 super
383 284 535 349 communi;
563 283 630 352 quin
647 283 730 338 etiam
748 285 813 342 lex.

102 351 251 424 Poenaque
268 357 325 410 lata
342 358 413 411 malo
431 374 502 426 quae
519 357 605 411 nollet
622 359 741 410 carmine
759 375 924 428 quemquam

103 428 244 497 Describi;
267 435 375 486 vertere
393 433 511 495 modum,
528 432 673 485 formidine
690 432 772 486 fustis

104 506 153 560 Ad
169 507 240 560 bene
259 507 406 562 dicendum
423 507 669 576 delectandumque
686 507 798 564 redacti.
916 507 956 567 ω’

104 581 219 636 Graecia
236 586 316 650 copta
332 583 421 637 fenim
439 584 569 636 victorem
586 583 660 651 cepit
677 586 707 636 et
724 587 797 638 artes

104 655 204 712 Intulit
221 658 322 726 agresti
341 658 436 724 Lati0;
460 659 499 712 sic
515 658 643 712 horridus
660 659 707 712 ille

103 730 229 789 Deduxit
244 749 373 787 numerus
392 734 536 788 Saturnius
554 737 583 788 et
600 750 685 802 grave
702 733 776 788 virus

103 805 258 862 Munditias
275 808 420 877 pepulere;
445 808 494 862 sed
511 809 539 862 in
556 808 666 876 longum
683 812 776 863 mmen
794 825 889 864 aevum

103 881 264 938 Mansenmt
281 883 417 953 hodieque
434 888 545 937 manent
558 885 677 952 vestigia
693 885 784 938 ruris„
915 900 951 940 rea

103 956 186 1018 Seius
203 960 276 1013 enim
294 960 405 1013 Graecis
422 959 543 1014 admovit
561 959 684 1013 acumina
701 959 809 1028 chartis,
954 959 957 964 '

102 1032 140 1087 Et
156 1039 219 1104 post
238 1035 339 1096 Punica
356 1035 427 1089 bella
445 1035 553 1103 quietus
571 1050 703 1103 quaerere
721 1037 811 1104 coepit

103 1108 177 1172 Quid
195 1109 341 1178 Sophocles
358 1115 387 1164 et
400 1110 513 1178 Thespis
531 1113 561 1163 et
574 1110 723 1178 Aeschylus
740 1110 809 1163 utile
827 1109 939 1168 ferrent.

102 1183 228 1238 Tentavit
245 1201 354 1254 quoque
371 1202 436 1252 rem,
455 1185 477 1237 si
495 1184 577 1250 digne
594 1189 702 1238 vertere
719 1191 819 1254 posset,

102 1259 142 1313 Et
156 1260 258 1328 placuit
276 1261 335 1328 sibi,
353 1265 452 1313 natura
469 1259 592 1313 sublimis
610 1264 640 1314 et
656 1277 734 1326 acer;
914 1275 950 1316 1⁶5

83 1333 175 1389 'liam
193 1336 281 1405 spirat
298 1336 432 1404 tragicum
451 1336 518 1388 satis
535 1339 565 1389 et
580 1334 697 1389 feliciter
714 1335 805 1404 audet,

103 1409 160 1464 Sed
177 1415 287 1480 turpem
304 1415 384 1479 putat
401 1410 499 1464 inscite
516 1410 670 1479 metuitque
688 1410 805 1464 lituram

102 1486 232 1540 Creditur
249 1503 284 1540 ex
301 1486 392 1540 medio
410 1486 474 1553 quia
490 1501 535 1538 res
552 1486 665 1539 arcessit
682 1485 784 1538 hahere

102 1561 216 1616 Sudoris
233 1562 381 1629 minimum,
400 1561 450 1615 sed
468 1559 552 1614 habet
569 1561 708 1614 comoedia
725 1564 803 1614 tanto

103 1636 168 1692 Plus
180 1638 269 1692 oneris
281 1641 383 1705 quanto
395 1636 490 1690 veniae
501 1636 597 1689 minus.
629 1635 756 1704 Adspice,
770 1635 885 1690 Plautus
913 1635 954 1690 rrc'

103 1712 163 1776 Quo
180 1718 261 1782 pacto
278 1716 372 1781 partes
390 1715 497 1766 tutetur
515 1711 631 1764 amantis
649 1709 754 1780 ephebi,

102 1787 143 1841 Ut
160 1790 246 1856 patris
263 1787 371 1853 attenti,
389 1787 493 1840 lenonis
510 1790 542 1840 ut
559 1786 696 1851 insidiosi;

103 1862 227 1927 Quantus
244 1863 281 1917 sit
299 1862 456 1916 Dossennus
474 1860 603 1914 edacibus
620 1861 648 1914 in
665 1861 799 1930 parasitis,

103 1939 190 2002 Quam
207 1955 261 1992 uon
280 1937 410 1991 adstricto
428 1940 570 2005 percurrat
587 1937 693 2004 pulpita
710 1952 801 2008 socco;

103 2015 194 2068 Gestit
205 2015 277 2068 enim
288 2029 428 2066 nummum
440 2012 467 2064 in
479 2012 580 2066 loculos
592 2011 746 2078 demittere,
759 2014 822 2079 post
834 2011 886 2065 hoc
912 2015 947 2065 ris

103 2090 219 2145 Securus
237 2089 318 2142 cadat
335 2105 370 2141 an
388 2092 463 2140 recto
482 2091 537 2141 stet
554 2086 646 2140 fabula
663 2086 726 2140 talo.
820 2134 823 2138 .
850 2141 855 2152 ,

27 2211 29 2216 ,
103 2166 190 2230 Quem
208 2165 272 2218 tulit
289 2162 325 2216 ad
343 2179 451 2216 scenam
467 2167 580 2216 ventoso
599 2163 691 2215 Gloria
708 2178 789 2216 curru

103 2240 252 2302 Exanimes,
265 2239 355 2304 lentus
373 2241 519 2306 spectator,
537 2237 649 2290 sedulus
666 2236 759 2291 indat:
776 2235 780 2240 ’
796 2301 808 2312 ,
950 2293 954 2304 ,

103 2316 148 2370 Sic
165 2317 233 2383 leve,
252 2315 290 2368 sic
307 2329 420 2383 parvum
438 2316 488 2380 est,
506 2313 625 2366 animum
643 2313 717 2380 quod
732 2311 820 2366 laudis
834 2328 946 2368 avarum

103 2392 217 2448 Subruit
233 2395 282 2450 aut
298 2389 394 2443 reficit.
429 2387 529 2441 Valeat
546 2404 591 2441 res
608 2387 712 2441 ludicra
729 2388 752 2440 si
770 2404 814 2441 me
913 2391 953 2442 rsc'

103 2466 198 2539 Palma
214 2468 313 2535 negata
330 2479 458 2530 macrum,
476 2461 577 2516 donata
594 2462 701 2516 reducit
718 2463 845 2531 opimum.

102 2543 190 2612 Saepe
207 2543 291 2616 etiam
307 2539 438 2593 audacem
456 2537 533 2606 fugat
550 2537 601 2590 hoc
618 2540 760 2605 terretque
778 2543 894 2606 poetam,

103 2619 183 2683 Quod
199 2631 312 2670 numero
329 2614 428 2682 plures,
446 2613 549 2666 virtute
566 2615 595 2666 et
612 2611 713 2666 honore
731 2613 857 2681 minores,

66 2705 71 2718 ¹
103 2693 211 2747 Indocti
222 2690 383 2758 stolidique,
400 2692 429 2742 et
447 2688 603 2756 depugnare
621 2685 711 2757 parati

102 2768 133 2831 Si
150 2767 289 2820 discordet
306 2780 397 2832 eques,
416 2763 506 2816 media
523 2763 597 2816 inter
613 2763 734 2817 carmina
750 2766 866 2832 poscunt
913 2778 947 2818 ras

102 2844 162 2895 Ant
178 2857 272 2894 ursum
290 2844 337 2893 aut
353 2838 473 2907 pugiles3
496 2837 540 2890 his
556 2854 619 2891 nam
637 2837 779 2906 plebecula
795 2837 909 2907 plaudit.

102 2915 207 2969 Verum
224 2915 325 2982 equitis
342 2929 450 2981 quoque
464 2912 524 2980 jam
541 2912 668 2981 migravit
685 2913 721 2966 ab
738 2929 804 2968 aure
822 2913 946 2984 voluptas

102 2988 198 3040 Omnis
215 2989 251 3041 ad
268 2989 385 3041 incertos
403 2987 493 3040 oculos
511 2990 540 3040 et
556 2987 657 3055 gaudia
674 3004 751 3043 vana.
949 2995 952 2999 ’

103 3060 238 3122 Quattuor
250 3065 304 3114 -aut
321 3062 412 3128 plures
430 3062 524 3114 amaea
541 3065 703 3128 premuntur
719 3064 747 3116 in
765 3063 853 3131 horas,

103 3131 176 3189 Dum
187 3133 295 3200 fugiunt
307 3136 428 3200 equitmu
440 3139 549 3208 turmae
557 3136 737 3206 pemtmnque
748 3143 874 3194 catervae
881 3159 889 3203 ;
912 3154 946 3195 ise
966 3205 970 3214 ⁸
1063 3205 1064 3214 χ
