2144 3420
408 169 477 219 Ars
493 169 654 219 POETICA.
911 173 956 220 201

104 249 195 314 Quem
213 264 297 317 penes
314 235 459 303 arbitrium
477 253 520 304 est
539 253 568 303 et
582 249 629 317 jus
647 251 677 302 et
694 265 789 304 nonna
807 249 943 320 loquendi.

104 324 164 377 ltes
181 327 277 391 gestae
295 339 447 393 regumque
465 324 620 394 ducumque
638 329 668 378 et
685 324 776 378 tristia
794 325 866 378 bella

105 399 166 462 Quo
185 397 268 452 scribi
285 404 396 466 possent
414 416 527 453 numero
545 400 708 453 monstravit
728 400 871 453 llonrerus

104 473 242 527 Versibus
259 469 402 541 impariter
415 474 519 541 junctis
537 475 706 543 querimonia
723 475 849 542 primum,
938 445 1015 532 rsds‘

105 549 174 602 Post
192 549 276 602 etiam
293 548 396 602 inclusa
414 552 457 602 est
475 549 532 602 voti
551 549 688 602 sententia
706 565 826 617 coiirpos:

104 623 175 687 Quis
190 627 284 677 tamen
302 623 414 691 exiguos
432 624 525 692 elegos
542 625 667 678 emiserit
683 628 786 691 auctor,

104 698 285 752 Grannnatici
302 702 408 752 certant
426 702 455 752 et
472 699 561 752 adhue
578 699 737 766 subjudice
754 700 788 752 lis
805 703 854 754 est

27 803 31 812 ·
105 773 301 827 Archilochum
318 774 428 842 proprio
446 774 535 827 rabies
553 775 668 828 armavit
686 773 790 839 iambo;

105 849 189 902 Hunc
208 849 278 902 socci
295 865 394 916 cepere
411 849 511 917 pedem
528 847 700 918 grandesque
718 849 849 916 cothurni,
936 864 959 902 aa

105 923 233 977 Alternis
250 927 345 992 aptum
363 923 533 976 sermonibus
552 928 581 978 ct
598 925 742 992 populares

105 997 270 1052 Vincentem
289 999 420 1065 strepitus
439 1002 468 1052 et
486 1003 580 1052 natum
599 999 680 1052 rebus
698 999 817 1066 agendis.

104 1073 189 1126 Musa
206 1073 286 1127 dedit
304 1073 406 1126 fidibus
424 1073 501 1126 divos
518 1089 672 1142 puerosque
690 1073 803 1126 deorum

105 1149 144 1203 Et
161 1149 284 1218 pugilem
302 1149 432 1203 victorem
450 1151 480 1202 et
497 1165 598 1217 equum
615 1150 763 1202 certamine
780 1151 896 1218 primunr

95 1225 144 1279 att
158 1224 292 1292 juvenum
311 1241 389 1278 curas
407 1228 436 1278 et
453 1223 540 1278 libera
556 1225 619 1278 vina
635 1226 745 1278 referre.
935 1240 958 1278 aa

105 1301 261 1369 Discriptas
279 1299 387 1354 serrare
401 1300 478 1354 sices
495 1305 661 1370 operumque
679 1301 783 1355 colores

105 1377 165 1430 Gur
182 1393 234 1444 ego
253 1377 277 1429 si
293 1392 399 1444 nequeo
417 1376 566 1443 ignoroque
583 1381 665 1444 po'eta
682 1377 802 1430 salutorl

106 1453 165 1506 Gur
182 1451 288 1505 nescire
305 1452 412 1519 pudens
430 1466 513 1518 prave
531 1466 612 1516 quam
630 1450 734 1502 discere
751 1451 840 1503 maloi

105 1527 243 1580 Versibus
261 1527 359 1594 exponi
377 1526 490 1592 tragicis
506 1541 550 1578 res
568 1524 670 1578 comica
686 1541 739 1576 non
757 1525 832 1587 vult3

104 1601 276 1670 Indignatur
293 1603 360 1654 item
378 1600 492 1668 privatis
509 1616 541 1653 ac
557 1616 647 1668 prope·
659 1615 736 1653 socco
853 1641 863 1658 .
931 1611 954 1646 aa

105 1677 207 1746 Dignis
224 1677 388 1732 carminibus
405 1675 511 1728 narrari
528 1691 611 1729 coena
629 1675 767 1743 Thyestae.

106 1753 221 1821 Singula
238 1768 363 1821 quaeque
381 1751 468 1804 locum
486 1754 599 1804 teneant
616 1751 712 1803 sortite
729 1751 863 1803 decenter.

107 1828 255 1882 Interdum
273 1832 366 1881 tamen
385 1831 414 1880 et
430 1842 524 1880 vocem
543 1825 681 1879 cornoedia
699 1825 777 1893 tollit,

107 1905 255 1974 Iratusquo
274 1903 405 1957 Chremes
422 1901 528 1956 tumido
547 1901 673 1968 delitigat
690 1916 751 1964 ore;

106 1981 146 2033 lit
163 1981 283 2048 tragicus
300 1979 461 2047 plerumque
479 1976 555 2030 dolet
574 1992 697 2030 sermone
714 1975 836 2045 pedestri
934 1991 957 2031 9⁵

107 2055 244 2123 Telephus
262 2057 292 2108 et
310 2053 415 2119 Peleus,
434 2069 495 2106 cum
513 2069 616 2121 pauper
634 2055 663 2125 et
681 2052 757 2104 exsul
775 2056 892 2119 uterque

108 2129 223 2196 Projicit
241 2129 374 2198 ampullas
394 2132 423 2200 ct
442 2127 641 2196 sesquipedalia
661 2127 751 2194 verba,

107 2204 138 2258 Si
157 2208 302 2258 curat-cor
321 2204 469 2272 spectantis
490 2204 615 2270 tetigisse
634 2201 752 2271 querela.

107 2279 135 2332 N
137 2296 172 2333 on
190 2281 257 2334 satis
274 2283 317 2333 est
336 2279 448 2348 pulchra
466 2295 525 2330 esse
543 2283 683 2346 poemata3
701 2278 790 2330 dulcia
808 2286 888 2333 santo

107 2356 146 2410 Iu
166 2366 326 2424 quoeunque
346 2355 438 2408 volent
456 2354 574 2406 animum
593 2353 735 2406 auditoris
744 2357 852 2419 agunta
926 2371 958 2409 ro
979 2393 1013 2408 ..-

107 2430 149 2484 Ut
166 2431 320 2485 ridentibus
337 2431 468 2496 arrident,
488 2430 528 2482 ita
545 2427 673 2481 flentibus
691 2427 791 2480 adsunt

107 2507 231 2561 lluruani
249 2508 355 2560 vultus:
374 2507 397 2559 si
416 2507 455 2558 vis
474 2521 519 2558 nro
537 2504 604 2557 flere
622 2503 769 2556 dolendum
787 2506 830 2556 est

108 2583 231 2636 Primum
250 2583 302 2651 ipsi
315 2581 386 2636 tibi:
405 2585 470 2634 tunc
487 2585 536 2634 tua
553 2596 597 2632 mc
614 2579 761 2632 infortunia
777 2579 895 2648 laedent,

107 2657 227 2726 Telephe
245 2658 288 2710 vol
308 2657 406 2722 Peleu3
424 2656 494 2709 male
507 2655 535 2708 'si
555 2655 684 2708 nrandata
700 2654 819 2721 loqueris

107 2735 168 2786 Aut
185 2733 339 2785 dormitabo
357 2736 404 2784 aut
421 2730 525 2784 ridebo.
560 2729 660 2782 Tristia
676 2734 828 2782 stasanor
924 2745 956 2786 ua

107 2807 223 2860 Vultum
242 2808 325 2860 rerba
343 2807 448 2874 decent,
466 2807 566 2858 iratum
584 2805 664 2872 plena
682 2805 823 2871 minarum,

107 2881 263 2936 Ludcntom
281 2882 387 2949 lasciva,
406 2896 531 2934 sevorum
549 2879 620 2932 seria
638 2879 720 2932 dictu.

108 2956 221 3010 Forrnat
239 2957 311 3010 enim
329 2960 426 3009 natura
442 2957 518 3024 prius
535 2971 584 3006 nos
601 2951 676 3006 intus'
693 2953 729 3005 ad
746 2969 852 3008 onnienr

108 3031 291 3084 Fortunarum
309 3029 447 3094 habitum3
461 3030 541 3097 jurat
559 3031 607 3080 aut
624 3027 740 3095 impellit
758 3029 794 3080 ad
811 3030 879 3082 iram

107 3109 168 3161 Aut
185 3107 221 3160 ad
240 3107 352 3161 humum
370 3121 491 3157 maerore
509 3104 584 3170 gravi
603 3101 715 3155 deducit
732 3106 761 3155 et
779 3103 869 3170 angit;
924 3120 955 3158 110

108 3183 176 3236 l‘ost
193 3183 274 3235 effert
291 3181 374 3233 animi
391 3182 482 3231 motus
499 3178 650 3246 interprete
667 3177 766 3244 lingua.
