2126 3410
362 159 507 210 uranon
523 160 640 221 umus,
660 164 682 214 s.
908 160 943 210 ss

109 275 115 286 .
197 237 288 296 Maius
303 237 415 308 parabo,
431 239 519 292 maius
536 239 676 292 mtmdam
694 236 745 292 tibi

231 313 395 368 Fastidienti
412 313 546 382 poculum,

197 387 331 456 Priusque
348 388 453 442 caelum
471 389 543 454 sidet
559 387 672 440 inferius
689 387 765 456 mari,

231 463 339 516 Tellure
356 465 482 531 porrecta
499 477 588 530 super,
917 482 943 520 sr

197 536 285 602 Quem
302 553 356 590 nou
374 553 466 590 amore
484 537 523 589 sic
540 552 600 589 mco
619 536 717 604 flagres
733 535 776 590 uti

115 661 129 686 ,
230 611 359 665 Bitnmen
377 610 444 664 atris
460 609 591 678 ignibus?

197 686 255 741 Sub
272 686 340 740 haee
358 701 429 754 puer
441 685 500 754 jam
517 701 572 738 non
588 687 622 739 ut
637 688 703 739 auto
719 684 846 742 mollibus

230 761 329 814 Lenito
347 759 437 815 verbis
453 759 558 827 impias,

195 835 252 891 Sed
268 835 368 889 dubius
385 833 459 888 uude
475 837 617 902 rumperet
633 833 769 888 silentimn
922 853 945 894 rs

230 911 308 964 Misit
325 909 471 977 Thyesteas
488 923 600 976 preces:

175 984 316 1051 “Venena
334 999 462 1052 magnum
478 984 519 1036 ias
537 981 675 1051 nefasque,
693 999 747 1034 non
764 981 854 1038 vdent

230 1059 397 1113 Convertere
414 1058 558 1112 humanam
576 1057 678 1122 vioem;

195 1133 270 1188 Diris
287 1150 367 1201 mam
383 1149 448 1199 vos;
466 1133 527 1186 dira
544 1131 690 1186 detestatio

230 1209 313 1262 Nulla
330 1207 456 1277 expiatur
473 1207 590 1261 victima
922 1219 947 1259 oo

196 1282 269 1348 Quin
286 1282 334 1336 ubi
351 1281 441 1350 perire
454 1281 549 1350 jussus
567 1281 739 1350 exspiravere
854 1305 857 1312 ¹

230 1357 387 1411 Nocturnus
404 1372 542 1410 occurram
561 1356 648 1410 Furor

178 1501 182 1508 ι
196 1431 348 1502 Palemque
365 1432 457 1486 vrrltus
473 1431 570 1486 umbra
587 1429 676 1485 eurus
692 1429 836 1499 unguibus,

231 1508 306 1573 Quae
324 1507 365 1560 vis
383 1505 497 1560 deomm
515 1509 558 1560 est
574 1506 701 1573 manium,

195 1583 233 1638 Et
249 1583 379 1652 inquietis
395 1581 519 1636 assidens
536 1580 701 1649 praecordiis
916 1595 940 1636 eo

231 1658 334 1711 Pavore
351 1673 459 1712 mmnos
475 1655 604 1710 auferam.
650 1693 653 1697 -

196 1732 254 1787 Vos
270 1733 353 1786 turba
369 1731 480 1786 vicatim
497 1730 560 1784 hine
576 1733 606 1784 et
622 1729 686 1783 hine
704 1729 777 1783 saxis
794 1731 891 1798 peteris

231 1807 389 1862 Contundot
405 1805 551 1859 obscoenas
569 1821 653 1868 a.nus;

196 1881 263 1936 Post
279 1881 417 1950 insepulta
433 1879 557 1933 membra
574 1879 702 1932 different
719 1877 775 1946 lupi

229 1957 267 2010 Et
285 1955 440 2024 Esquilinae
457 1954 553 2018 alites;
908 1968 941 2008 uo

195 2029 293 2098 Neque
310 2030 361 2084 hoo
377 2032 506 2098 parentes
522 2028 578 2082 heu
594 2027 660 2080 mihi
677 2026 838 2096 superstites

230 2105 366 2174 Effugerit
384 2101 591 2172 spectamen?

498 2247 550 2302 VI.

194 2331 270 2399 Qun>
286 2332 462 2385 immerentes
479 2329 600 2398 hospites
617 2341 699 2380 vexas
716 2325 788 2382 canis

230 2408 349 2474 Ignarus
367 2405 511 2459 adversum
528 2403 624 2470 luposl

195 2481 267 2548 Quin
283 2481 337 2534 huc
352 2480 454 2546 inanes,
472 2478 496 2531 si
513 2481 599 2546 potes,
614 2475 698 2529 vertis
715 2475 803 2528 urinas

229 2557 267 2610 Et
282 2571 328 2608 me
344 2569 529 2608 remorsurum
546 2551 637 2620 petisl

194 2631 267 2685 Nam
284 2627 372 2698 qualis
388 2631 437 2681 aut
454 2627 588 2680 Molossus
605 2627 653 2679 aut
669 2623 759 2677 iulvus
779 2621 874 2690 Lacon,
929 2638 943 2678 o

196 2731 199 2740 >
230 2705 327 2759 Amica
343 2702 385 2758 vis
401 2702 564 2771 pastoribus,

195 2781 286 2848 Agam
302 2794 353 2848 per
369 2777 439 2832 altus
455 2792 521 2830 aure
539 2775 645 2830 sublata
661 2773 738 2827 nives

228 2855 412 2922 Quaecunque
430 2850 577 2920 praecedet
594 2849 668 2902 iero:

193 2929 236 2984 'lu
252 2945 314 2982 cum
331 2926 455 2980 timenda
472 2923 538 2980 voce
556 2921 697 2991 complesti
714 2935 811 2974 nemus
881 2961 882 2964 ,

230 3002 388 3070 Projectum
406 3000 529 3054 odoraris
547 2997 645 3051 eibum.
921 3007 943 3046 m

193 3077 275 3144 (lave,
294 3093 374 3130 caue:
393 3089 519 3141 namque·
529 3072 558 3123 in
574 3070 658 3122 males
675 3067 840 3132 asperrimus

227 3152 330 3206 Parata
348 3149 414 3202 tollo
431 3160 539 3211 cernua,
