2126 3410
351 120 556 171 CARMINUM
572 121 622 173 1v.
642 122 680 172 15.
907 125 939 174 88

257 201 329 256 cnm
345 202 434 255 saevit
450 201 671 270 horrendamque
687 202 768 257 cultis

293 275 430 330 Diluviem
447 277 599 330 meditatur
616 277 697 344 agris,

223 349 266 404 Ut
282 349 462 405 barbarorum
480 351 611 406 Claudius
628 352 737 419 agmina

223 423 340 479 Ferrata
356 429 434 480 vasto
450 427 537 480 diruit
553 426 660 495 impetu
913 445 937 486 ιο

257 499 420 570 Primosque
437 505 467 556 et
483 505 621 556 extremos
638 501 767 556 metendo

291 575 396 630 Stravit
413 576 526 630 humum
544 576 603 630 siue
620 575 697 630 clade
714 575 810 644 vietor,

221 645 262 722 'lle
278 650 375 718 copias,
392 653 422 704 te
438 651 580 704 eonsilium
598 653 627 704 et
642 653 707 704 tuos
829 650 833 658 '

222 721 376 778 Praebente
394 725 477 779 divos
512 725 584 778 Nam
600 725 660 791 tibi,
679 740 733 793 quo
751 724 797 778 die

255 797 355 852 Portus
373 799 549 852 Alexandrea
565 799 680 868 supplex

288 873 327 926 Et
343 889 456 927 vacuam
473 873 604 942 patefecit
620 874 717 942 aulam,

220 945 342 1002 Fortuna
358 948 445 1002 lustro
462 964 593 1016 prospera
610 949 694 1002 tertio

219 1019 290 1075 Belli
307 1023 441 1076 secundos
457 1022 581 1076 reddidit
597 1023 696 1088 exitus,

252 1097 430 1166 Laudemque
448 1101 479 1151 et
494 1100 621 1166 optatum
638 1099 757 1166 peractis

287 1173 415 1240 Imperiis
433 1172 516 1226 decus
534 1173 677 1239 arrogavit.
906 1190 931 1230 sc

218 1243 258 1298 'le
274 1243 412 1300 Cantaber
429 1263 484 1300 non
500 1249 565 1300 ante
582 1246 725 1300 domabilis

220 1319 375 1390 Medusque
393 1324 423 1375 et
440 1321 535 1389 Indus,
552 1323 582 1375 te
598 1321 729 1390 profugus
747 1321 860 1392 Septlres

251 1394 377 1464 Miratur,
396 1411 412 1450 o
430 1396 519 1450 tutela
534 1412 665 1464 praesens

286 1469 384 1524 Italiae
402 1471 582 1539 dominaeque
600 1470 709 1526 Romae

216 1544 255 1598 Te
271 1543 388 1598 fontium
404 1545 453 1614 qui
469 1546 542 1599 celat
558 1545 676 1613 origines
901 1561 927 1604 st

216 1619 351 1688 Nilusque
368 1624 399 1674 et
417 1620 496 1686 Ister,
513 1623 543 1674 te
559 1620 671 1688 rapidus
690 1621 784 1690 Tigris,

249 1694 289 1747 l'e
305 1694 442 1748 belluosus
459 1695 506 1763 qui
523 1695 636 1748 remotis

284 1768 427 1837 Obstrepit
445 1769 568 1823 Oceanus
586 1770 732 1838 Britannis,

122 1861 126 1868 ·
215 1843 255 1897 'le
273 1859 327 1897 non
340 1843 469 1914 paventis
485 1844 582 1898 funera
600 1845 704 1898 Galliae

213 1917 362 1987 Duraeque
379 1919 461 1972 tellus
478 1919 556 1983 audit
574 1919 714 1986 Hiberiae,
900 1939 925 1981 ω

247 1993 286 2047 'le
302 1993 386 2046 caede
402 1993 553 2062 gaudentes
571 1993 705 2060 Siganrbri

280 2067 444 2136 Compositis
462 2071 627 2123 venerantur
644 2069 732 2124 armis

470 2200 532 2257 XV.

211 2282 345 2337 Prieneus
363 2281 499 2336 volentem
515 2281 619 2351 proelia
635 2297 680 2335 me
697 2281 772 2351 loqui

208 2357 304 2412 Victas
321 2360 351 2410 et
368 2357 450 2411 urbes
467 2357 601 2424 increpuit
618 2356 683 2423 lyra,

243 2432 270 2484 N
271 2449 287 2484 e
303 2447 388 2500 parva
406 2431 575 2500 Tyrrhenum
592 2447 642 2498 per
658 2447 761 2500 aequor

275 2505 345 2558 Vela
362 2506 465 2560 darem.
493 2507 557 2572 Tua,
577 2506 683 2572 Caesar,
702 2509 778 2560 aetas

206 2578 312 2648 Fruges
330 2583 359 2633 et
377 2580 450 2646 agris
467 2579 576 2633 rettulit
594 2579 693 2632 uberes
905 2593 919 2636 a

207 2653 245 2707 Et
262 2655 338 2722 signa
355 2657 449 2706 nostro
465 2653 587 2708 restituit
605 2653 624 2706 J
626 2653 668 2706 ovi

239 2727 363 2796 Derepta
381 2727 545 2780 Parthorum
563 2727 686 2795 superbis

275 2801 410 2868 Postibus,
429 2805 458 2854 et
475 2818 589 2857 vacuum
607 2801 704 2854 duellis

202 2875 306 2930 Janum
324 2875 430 2940 Quirini
448 2875 552 2942 elausit,
571 2880 600 2930 et
617 2875 740 2928 ordinem

203 2949 322 3004 Rectum
340 2950 467 3016 evaganti
484 2950 562 3002 frena
578 2949 704 3002 licentiae
890 2965 914 3008 ιο

232 3023 339 3090 Injeeit‚
359 3023 514 3090 emovitque
532 3023 630 3088 eulpae,

181 3131 184 3136 ,
272 3096 310 3151 Et
326 3099 434 3150 veteres
452 3095 587 3149 revocavit
604 3096 678 3146 artes

92 3177 108 3216 a
