2144 3420
102 157 148 204 19ss
273 155 426 204 HORATII
444 157 573 205 FEACOI
591 155 697 206 EPIST:
715 157 752 205 II.
771 158 792 208 2.

101 233 406 304 Pauperiesimmunda
423 237 524 290 dornua
539 235 634 306 procul
650 235 735 291 absit:
754 235 812 304 ego,
829 231 926 289 utrum
940 229 960 258 ³·
1012 273 1020 284 .

100 309 127 362 N
129 325 178 363 are
195 310 268 362 ferar
285 326 384 378 magna
401 328 435 364 an
452 327 542 378 parra,
560 313 633 364 ferar
649 327 720 364 unus
737 314 767 366 et
784 311 865 365 idem.
912 321 953 366 aue

101 385 127 437 N
129 401 164 438 oa
182 385 288 452 agimur
304 386 417 439 tumidis
434 387 500 440 reiis
518 387 643 454 aquilone
661 387 794 451 secundm

100 459 128 513 N
129 475 164 512 ou
181 463 273 514 tamen
290 461 412 514 adversis
425 464 548 514 aetatem
565 461 689 514 ducimus
706 463 814 528 austrie,

6 548 8 553 ·
101 533 222 602 Viribus,
239 534 354 603 ingenio,
364 535 468 604 speeie,
486 535 596 604 virtute,
613 537 679 604 luco,
697 530 736 606 re,

101 608 226 664 Extremi
242 610 399 678 primorum,
417 611 547 664 extremis
564 627 654 680 usque.
665 611 775 680 priores

101 685 164 738 Non
181 700 212 739 es
228 699 339 740 avarus:
358 685 417 750 abi;
436 685 510 753 quid,
529 688 637 739 caetera
648 685 708 754 jam
727 686 807 740 simul
825 686 878 739 istu
914 701 954 740 aaa

101 759 171 813 (ium
188 759 255 813 vitio
271 758 383 826 fugeret
420 759 511 814 Caret.
521 760 573 814 tibi
589 765 685 829 peetus
703 761 775 829 inani
791 763 795 774 '

101 833 277 889 Ambitionei
313 834 396 888 Caret
413 830 509 889 rudrtis
526 835 670 889 formidine
687 839 717 890 et
733 838 791 892 irai
833 849 836 854 '

101 910 218 978 Somnia,
236 911 499 978 terreresmagices,
517 910 654 978 miracula,
673 927 759 979 sagae,
804 931 806 936 ·

101 986 257 1040 Nocturnus
273 985 392 1040 lemures
408 987 590 1056 portentaque
609 985 737 1039 Thessala
754 985 848 1040 ridesi

102 1061 216 1114 Natales
233 1065 313 1128 grate
330 1063 473 1114 numerasi
510 1059 761 1128 Ignoscisamieisi
914 1075 954 1116 are

101 1136 201 1190 Leuior
219 1140 249 1188 et
265 1135 361 1188 melior
378 1135 411 1188 fis
428 1135 575 1189 accedente
593 1137 721 1189 senectui

103 1211 177 1275 Quid
192 1213 223 1264 te
240 1213 368 1277 exempta
384 1209 458 1262 levat
472 1210 558 1277 spinis
576 1209 612 1262 de
629 1209 752 1278 pluribus
769 1211 843 1264 unei

102 1285 204 1340 Vivere
221 1284 245 1337 11
261 1284 440 1338 reete‘neseis
459 1283 683 1353 decedeperitis.

102 1360 205 1414 Lusisti
222 1358 297 1426 satis,
315 1357 398 1412 edisti
416 1358 483 1412 satis
499 1361 583 1426 atque
600 1358 706 1430 bibisti:

102 1436 221 1504 Tempus
238 1433 314 1488 abire
331 1433 383 1487 tibi
401 1436 451 1501 est,
469 1436 616 1502 nepotum
634 1433 737 1501 largius
755 1449 842 1504 aequo
912 1449 952 1490 ars

103 1510 205 1566 Rideat
219 1513 249 1564 et
263 1510 354 1579 pulset
369 1508 469 1563 lasciva
486 1507 626 1582 decentius
640 1509 736 1564 aetas.”
