2144 3420
49 140 101 188 uu
329 138 482 188 HORATII
499 139 628 192 FLAGGI

54 214 204 280 Inciderit;
226 229 277 270 uec
291 220 393 284 ‘quarta
409 215 484 285 loqui
501 233 616 286 persona
632 217 743 276 laboret

55 289 168 344 Actoris
184 293 279 359 partes
296 291 395 346 chorus
411 291 582 361 officiumque
598 292 677 348 virile

56 363 201 432 Defendet,
218 381 273 420 neu
290 365 358 434 quid
375 365 479 420 medios
495 364 641 422 intercinat
658 370 736 422 actus

57 437 138 503 Quod
154 453 208 493 non
225 440 366 509 proposito
383 440 517 496 conducet
533 446 563 497 et
579 441 692 498 haereat
708 445 780 511 epte
870 457 910 500 ιω

57 512 110 566 Ille
126 511 205 568 bonis
222 515 367 582 faveatque
385 518 414 569 et
430 515 588 570 consilietur
604 517 697 585 amice,

57 587 96 642 Et
112 592 190 656 regat
207 589 292 644 iretos
309 593 339 642 et
355 593 429 644 emet
445 605 558 658 peceare
574 589 719 654 timentes;

58 661 111 717 Ille
128 663 213 731 dapes
230 663 325 718 laudet
341 679 453 718 memes
470 663 569 731 brevis,
586 664 634 718 ille
651 664 788 718 salubrem

57 737 200 791 Justitiem
217 737 346 806 legesque
363 742 394 793 et
410 739 513 808 opertis
530 739 587 794 otia
602 739 704 807 portis;

59 812 111 865 llle
128 815 206 879 teget
222 813 365 866 commissa
382 814 502 883 deosque
518 817 646 883 precetur
663 817 693 868 et
709 816 777 881 oret,
868 828 909 868 reo

58 886 100 939 Ut
116 887 213 942 redeat
229 887 344 957 miseris,
362 888 446 943 sbeat
462 890 572 944 fortuna
588 887 721 956 superbis.

59 960 137 1015 Tibia
153 978 207 1016 non
223 966 256 1016 ut
272 979 344 1018 nunc
361 963 494 1018 orichalco
511 963 602 1016 vineta
617 960 755 1030 tubaeque

59 1037 185 1105 Aemula,
203 1037 254 1092 sed
270 1038 362 1092 tenuis
379 1025 547 1107 simplexque
563 1035 695 1090 foramine
711 1051 797 1105 pauco

59 1111 211 1178 Adspirare
229 1115 259 1165 ct
275 1112 373 1166 adesse
388 1113 477 1166 choris
495 1115 555 1166 erat
572 1110 647 1164 utilis
665 1114 748 1180 atque

58 1184 189 1238 Nondum
207 1186 293 1254 spissa
309 1186 390 1239 nimis
407 1186 542 1254 complere
559 1185 655 1240 sedilis
671 1186 753 1250 fletu;
869 1201 912 1242 2⁰5

59 1259 120 1322 Quo
137 1276 202 1313 sane
218 1259 334 1328 populus
350 1259 526 1314 numerabilis
543 1263 639 1329 utpote
656 1275 756 1328 parvus

59 1333 97 1388 lat
113 1334 185 1402 frugi
203 1337 347 1402 castusque
364 1334 588 1403 verecundusque
604 1334 703 1388 coibat.

59 1408 208 1478 Postquam
225 1409 316 1477 eoepit
332 1425 412 1478 egros
429 1408 579 1463 extendere
596 1408 683 1462 victor
700 1411 730 1463 et
747 1407 828 1463 urbes

59 1483 153 1538 Iustior
169 1484 296 1553 amplecti
308 1500 410 1552 ¹murus
427 1484 544 1552 vinoque
562 1481 659 1536 diurno

59 1557 165 1612 Pleeari
183 1559 286 1613 Genius
303 1559 382 1612 lestis
398 1559 511 1626 impune
529 1557 635 1624 diebus,
862 1566 915 1617 'rso

60 1633 184 1688 Accessit
200 1633 375 1702 numerisque
392 1633 534 1702 modisque
551 1631 663 1686 licentia
678 1632 780 1701 major3

60 1708 191 1762 Indoctus
209 1708 277 1778 quid
294 1709 366 1764 enim
384 1711 494 1776 saperet
510 1707 636 1774 liberque
652 1705 777 1760 laborum

59 1779 189 1834 Rusticus
206 1780 311 1834 urbano
328 1781 463 1848 confusus,
481 1781 570 1849 turpis
589 1781 723 1836 honestet

59 1856 104 1911 Sic
120 1857 225 1926 priscae
241 1861 401 1926 motumque
417 1859 447 1910 et
464 1855 599 1920 luxuriem
617 1854 726 1909 eddidit
742 1855 795 1909 arti

59 1931 171 1985 Tibicen
188 1932 329 2001 traxitque
346 1947 431 1999 vagus
448 1947 500 2000 per
516 1929 624 2000 pulpita
639 1932 759 1995 vestem;
874 1947 916 1987 ris

59 2006 105 2060 Sic
122 2007 205 2060 etiam
222 2006 322 2060 fidibus
340 2021 420 2060 voces
437 2021 548 2059 crevere
565 2004 674 2070 severis,

59 2080 98 2134 Et
113 2081 179 2134 tulit
196 2079 333 2149 eloquium
350 2079 489 2133 insolitum
506 2079 634 2133 facundia
649 2093 785 2147 praeceps,

59 2155 230 2224 Utiliumque
247 2171 330 2224 sagax
347 2170 440 2208 rerum
457 2157 487 2209 et
504 2153 596 2208 divine
610 2153 696 2207 futun'

59 2229 202 2298 Sortilegis
218 2245 272 2283 non
289 2228 439 2297 discrepuit
456 2228 594 2283 sententia
611 2226 733 2296 Delphis

59 2305 185 2362 Carmine
202 2304 249 2372 qui
265 2304 369 2371 tragico
386 2303 469 2356 vilem
485 2303 602 2357 certavit
618 2300 654 2356 ob
671 2301 785 2368 hircum,
873 2317 915 2355 nee

59 2379 125 2434 Mox
142 2379 224 2434 etiem
242 2381 364 2446 agrestes
382 2377 494 2446 Satyros
511 2376 632 2442 nudavit,
651 2379 681 2429 et
697 2390 778 2442 esper

59 2453 191 2508 Incolumi
208 2453 344 2520 gravitate
357 2451 452 2520 jocum
468 2451 595 2518 tentavit,
612 2466 645 2504 eo
662 2448 737 2518 quod

59 2527 200 2582 Illecebrls
217 2529 277 2580 erat
294 2530 323 2579 et
340 2529 421 2594 grata
437 2526 559 2580 novitate
575 2525 724 2578 morandus

58 2603 209 2670 Spectator,
227 2601 392 2669 functusque
410 2601 494 2654 sacris
511 2604 541 2654 et
557 2603 640 2668 petus
656 2601 686 2652 et
703 2597 790 2675 exlex.

58 2676 161 2730 Verum
178 2676 218 2729 ita
235 2675 342 2742 risores,
360 2675 401 2728 ite
417 2673 607 2728 commendere
625 2673 731 2727 dicaces
870 2685 913 2727 aas

59 2750 208 2806 Conveniet
226 2749 344 2818 Satyros,
362 2749 403 2804 ita
420 2753 528 2803 vertere
546 2749 618 2803 seris
635 2747 708 2814 ludo,

58 2825 103 2878 Ne
119 2825 271 2893 quicunque
289 2824 364 2890 deus,
382 2824 537 2893 quicunque
554 2821 730 2877 adhibebitur
746 2819 833 2885 heres,

59 2898 155 2964 Regali
173 2900 332 2964 conspectus
349 2898 378 2950 in
396 2914 463 2950 auro
479 2914 567 2966 nuper
584 2900 614 2951 et
630 2900 712 2964 ostro,

59 2971 162 3038 Migret
179 2971 207 3024 in
225 2971 352 3024 obscuras
369 2971 465 3024 humili
483 2987 607 3025 sermone
624 2971 761 3036 tabernas,

60 3045 119 3094 Aut
135 3044 200 3095 dum
217 3045 287 3096 vitat
303 3045 415 3096 humum
432 3044 519 3097 nubes
536 3048 566 3097 et
582 3045 672 3097 inania
688 3045 789 3110 captet.
867 3057 909 3100 πο

61 3114 174 3166 Effutire
192 3117 265 3168 leves
281 3115 393 3181 indigne
410 3117 561 3184 Tragoedia
578 3134 680 3184 versus,
