2116 3424
128 137 157 182 12
372 173 375 182 ,
405 134 560 182 HORATII
579 134 706 184 FLAOOI

237 219 338 271 Hastae
356 220 386 267 et
403 213 498 266 calami
518 214 619 281 spicula
638 214 728 267 Gnosii

236 290 345 344 vitabis
363 288 564 356 strepitumque
583 292 613 341 et
630 289 747 342 celerem
765 289 841 358 sequi

237 365 369 434 Ajacem5
387 367 480 418 tamen
497 364 552 418 heu
570 380 647 418 serus
664 365 804 418 adulteros
865 378 868 384 “

270 440 367 494 Orines
384 439 497 506 pulvere
515 439 633 492 collines.

237 515 299 570 Non
319 514 482 568 Laertiaden
501 514 616 568 exitium
634 518 697 568 tuae

236 591 328 658 Genti,
346 605 399 643 non
418 590 524 658 Pylium
542 589 661 643 Nestora
677 592 808 657 resplclsl

133 679 135 686 '
236 666 345 734 Urgent
362 665 492 734 impavidi
510 669 539 718 te
558 665 717 718 Salaminius

271 743 374 796 Teucer
392 745 421 794 et
438 740 585 794 Sthenelus
603 741 691 794 sciens

237 815 356 883 Pugnae,
375 816 431 870 sive
449 831 517 884 opus
535 819 578 869 est
595 816 752 884 imperitare
770 819 847 884 equis
961 831 993 866 ες»

237 891 300 946 Non
318 891 412 958 auriga
428 891 521 958 piger;
540 890 683 944 Merionen
701 907 809 959 quoque

237 967 348 1020 Nosces.
369 967 453 1019 ‘Ecce
466 966 538 1019 'furit
555 969 584 1019 te
602 966 724 1034 reperire
742 971 820 1020 atrox
967 1017 972 1026 ‚
1043 1031 1044 1040 ἵ

272 1042 392 1112 Tydides
409 1042 504 1095 melior
522 1045 607 1110 patre,
1043 1041 1044 1122 l

238 1118 326 1182 Quem
343 1121 376 1172 tu
393 1134 489 1171 cervus
506 1118 547 1171 uti
565 1117 641 1170 vallis
658 1117 687 1170 in
705 1117 790 1172 altera
1043 1123 1044 1192 l

238 1193 336 1246 Visum
353 1196 432 1262 parte
450 1192 544 1260 lupum
560 1193 691 1260 graminis
708 1194 848 1247 immemor
961 1209 993 1249 so
1043 1193 1044 1256 l

237 1269 352 1325 Sublimi
369 1269 457 1336 fugies
474 1268 563 1322 mollis
581 1269 710 1336 anhelitu,
858 1273 862 1276 “
1043 1257 1044 1342 l

272 1345 298 1398 N
300 1357 338 1398 on·
353 1345 403 1397 hoc
421 1343 557 1412 pollicitus
574 1349 645 1398 tuae.

238 1421 374 1476 Iracunda
391 1420 464 1474 diem
481 1421 603 1488 proferet
622 1421 673 1473 llio

238 1497 427 1564 Matronisque
446 1496 584 1564 Phrygum
601 1496 694 1550 classis
712 1495 848 1562 Achilles,
1043 1491 1044 1586 l

238 1573 304 1629 Post
322 1577 411 1628 certas
428 1573 532 1626 hiemes
549 1577 612 1628 uret
631 1573 768 1628 Achaicus
956 1599 984 1640 35
1043 1589 1044 1672 p

273 1649 350 1718 Ignis
369 1649 466 1703 Iliacas
483 1648 585 1702 domos.

426 1835 429 1844 .
522 1787 599 1842 XVI.

238 1869 262 1923 0
281 1886 378 1922 nsrnn
395 1868 508 1936 pulchra
525 1870 580 1924 filie
597 1871 740 1940 pulchrior,

238 1945 325 2008 Quem
343 1944 493 1997 criminosis
511 1961 617 2014 cunque
635 1947 708 2000 voles
726 1945 836 2001 modum

273 2019 361 2072 Penes
379 2019 485 2086 iambis,
504 2021 560 2074 sive
572 2016 687 2074 'flamma
859 2019 864 2024 ’

306 2095 369 2148 Sive
386 2097 453 2149 mari
472 2095 540 2149 libet
559 2096 704 2152 Hadriano.

134 2190 137 2196 ·
237 2170 300 2224 Non
318 2171 497 2240 Dindymene,
515 2189 569 2225 non
587 2171 676 2240 adytis
694 2176 784 2242 quatit
861 2209 862 2212 =

237 2246 359 2301 Mentem
377 2248 550 2301 sacerdotum
568 2248 655 2311 incola
675 2249 795 2318 Pythius,

270 2323 332 2375 Non
351 2323 432 2376 Liber
450 2340 544 2392 aeque,
562 2341 615 2377 non
633 2330 713 2378 acuta

305 2398 349 2451 Sic
366 2399 506 2466 geminant
525 2399 692 2467 Corybantes
710 2417 774 2454 aera

235 2471 338 2526 Tristes
355 2477 387 2526 ut
404 2474 468 2540 irae,
487 2490 554 2542 quas
572 2491 661 2544 neque
680 2477 795 2528 Noricus

234 2547 368 2602 Deterret
385 2550 457 2602 ensis
474 2565 524 2602 neo
541 2567 616 2604 mare
634 2551 794 2618 naufragum
966 2569 987 2604 m

270 2624 327 2678 Nec
345 2641 440 2678 saevus
457 2625 529 2692 ignis
546 2643 596 2679 nec
614 2627 758 2680 tremendo

302 2701 432 2770 «luppiter
449 2701 508 2768 ipse
525 2717 607 2754 ruens
625 2702 751 2755 tumultu.

235 2772 335 2830 Fertur
352 2777 537 2842 Prometheus,
556 2777 659 2832 addere
675 2775 790 2847 principi

234 2848 311 2902 Limo
329 2857 437 2905 coactus
454 2852 612 2919 particulam
631 2853 752 2923 undique

269 2923 421 2991 Desectam,
439 2929 468 2978 et
485 2926 570 2979 insani
587 2928 672 2981 leonis
962 2942 984 2980 15

302 2997 367 3050 Vim
385 3001 522 3054 stomacho
539 3004 696 3070 apposuisse
712 3009 804 3060 nostro

235 3069 299 3122 Irae
315 3071 450 3138 Thyesten
469 3075 552 3128 exitio
569 3079 645 3144 gravi

235 3142 370 3212 Stravere,
389 3149 418 3200 et
435 3147 499 3200 altis
515 3148 627 3203 urbibus
645 3151 757 3206 ultimae
