2144 3420
336 159 593 212 ιιιιιοιιιιιιιι
603 161 632 212 ι.
654 161 692 214 ιι.
843 127 855 201 s
891 138 937 215 ιιι

465 295 562 350 XVII.

12 407 14 480 J
86 391 225 458 Quemvis,
244 392 352 458 Scaeva,
371 391 438 445 satis
454 407 506 460 per
522 395 551 444 te
568 390 620 445 tibi
638 390 765 460 consulis,
783 393 813 446 et
831 391 884 446 sois

87 467 148 529 Quo
164 467 276 520 tandem
293 471 373 535 pacto
392 466 489 520 deceat
505 466 656 534 majoribus
673 467 724 532 uti,

86 540 177 608 Disce,
194 541 332 596 docendus
350 542 446 610 adhuc,
465 559 535 611 quae
553 546 647 596 censet
663 541 801 611 amiculus,
819 555 851 598 ut
869 543 892 596 si

12 655 13 664 2
86 616 192 670 Caecus
209 617 264 670 iter
281 621 433 671 monstrare
452 618 532 683 velit3
550 623 644 671 tamen
663 617 814 686 adspice
793 634 816 671 ιι
834 619 900 688 quid

12 719 13 728 ι
87 689 124 743 m
142 706 192 743 nos
210 690 284 760 quod
301 708 380 744 cures
397 693 536 762 proprium
554 693 650 746 fecisse
669 692 819 762 loquamur.
924 708 937 748 ι

86 764 116 818 Si
134 768 164 818 te
181 770 260 833 grata
277 767 355 835 quies
373 771 402 820 et
419 768 534 836 primam
553 783 663 822 somnus
682 767 710 820 in
728 767 822 823 horam

86 840 221 909 Delectat,
241 843 264 895 si
281 849 311 896 te
329 843 418 911 pulvis
437 845 622 932 strepitusque
640 847 770 912 rotarum,

12 921 16 968 ξι
86 915 117 968 si
134 915 220 970 laedit
237 933 365 986 caupona,
386 919 589 972 Ferentinum
581 936 622 973 ire
637 918 755 987 jubebo;
830 977 831 980 ,
854 917 862 930 ⁶

86 991 159 1045 Nam
177 1008 268 1062 neque
285 993 417 1047 divitibus
435 996 598 1082 contingunt
615 994 716 1062 gaudia
733 994 804 1064 ιοιιι,
922 1059 924 1067 x

86 1067 147 1120 Nec
163 1068 233 1122 ιιιιιι
251 1068 322 1122 mole
340 1069 387 1138 qui
404 1074 452 1124 net
453 1087 486 1122 us
504 1071 675 1138 moriensque
693 1069 797 1128 fefellit.
913 1083 936 1128 lo

86 1142 116 1194 Si
133 1143 264 1210 prodesse
282 1144 338 1198 tuis
355 1145 490 1214 pauloque
508 1145 678 1213 benignius
671 1161 760 1213 ipsum

86 1217 126 1270 Te
143 1221 263 1272 trentam
279 1219 362 1286 voles,
381 1221 495 1274 accedes
514 1221 600 1274 siccus
618 1221 654 1274 ad
671 1224 790 1274 unctum

86 1293 139 1345 “ei
156 1293 305 1365 pranderet
323 1295 382 1348 olus
399 1295 537 1364 patienter
555 1296 666 1364 regibus
684 1296 726 1348 uti

12 1437 13 1440 Ἴ
85 1367 181 1422 Nollet
199 1370 380 1437 Aristippus.''
416 1371 430 1398 “
440 1371 469 1424 Si
487 1371 570 1426 sciret
587 1371 697 1439 regibus
714 1369 756 1424 uti

12 1455 13 1458 ’
86 1441 237 1498 Fastidiret
254 1445 313 1498 olus
331 1445 378 1514 qui
395 1462 440 1500 me
457 1447 556 1500 nota'tl’
583 1447 692 1500 ·Utrius
711 1446 808 1500 horum
911 1458 933 1500 ιι

87 1517 297 1590 Verba-probes
315 1525 344 1575 et
361 1519 433 1574 iactu
451 1521 526 1588 doce,
544 1521 588 1576 vel
601 1521 696 1590 junior
712 1519 776 1573 audi

85 1593 143 1648 Gur
160 1595 197 1649 sit
215 1595 351 1664 Aristippi
369 1597 461 1664 potior
477 1597 633 1662 sententie3'
643 1612 760 1664 nemque

85 1669 245 1724 Mordacem
264 1671 393 1759 Cynicum
410 1672 448 1726 sic
466 1673 601 1741 eludebat,
619 1676 652 1726 ut
668 1672 758 1725 aiunt·
818 1685 820 1688 ·

12 1803 13 1808 ἵ
85 1745 224 1799 “Seurmr
243 1762 294 1814 ego
311 1747 371 1814 ipse
388 1747 462 1815 mihi,
480 1747 580 1816 populo
597 1753 643 1813 tu;
661 1747 762 1800 rectius
778 1745 830 1801 hoc
848 1749 878 1802 et

12 1829 13 1832 ’
85 1820 262 1896 Splendidius
274 1821 414 1876 multo
372 1826 421 1876 es
446 1823 540 1890 Equus
551 1827 584 1876 ut
595 1839 639 1876 me
647 1825 748 1891 portet,
761 1821 818 1876 alat
829 1838 933 1888 rex

12 1897 15 1942 Ρ
85 1889 210 1950 Officium
227 1896 308 1949 facio:
326 1900 359 1950 tu
375 1898 465 1965 poscis
482 1897 546 1950 vilia
563 1914 663 1964 rerum,

84 1971 176 2027 Dente
194 1972 283 2026 minor
302 1974 425 2042 quamvis
444 1973 500 2027 fers
516 1977 546 2026 te
565 1973 664 2026 nullius
682 1970 832 2040 egentem.”

12 2105 13 2112 J
85 2047 180 2102 Omnis
200 2049 285 2102 Διιιι
266 2052 372 2118 1tppum
390 2049 483 2102 decuit
500 2049 573 2102 color
592 2053 621 2104 et
641 2051 729 2102 status
746 2052 776 2102 et
791 2063 846 2117 res,

84 2122 248 2186 'lentante'm
265 2124 375 2192 majore,
394 2124 452 2178 fere
469 2125 659 2193 praesentibus
677 2140 801 2192 acquum

12 2227 13 2250 ι
84 2198 187 2253 Contra
206 2215 287 2267 quem
305 2199 406 2268 duplici
423 2217 513 2269 panno
530 2200 664 2268 patientia
681 2198 768 2252 velat
908 2214 932 2254 at

46 2286 51 2294 ·
83 2272 207 2328 Mil-ebor
224 2275 296 2328 vitae
314 2275 358 2328 via
376 2276 398 2328 si
416 2292 546 2329 conversa
563 2275 681 2330 decebit.

83 2350 166 2404 Alter
182 2365 350 2419 purpureum
367 2367 419 2403 nou
439 2351 609 2420 exspectabit
626 2351 765 2416 amictum,

83 2424 226 2489 Quidlibet
243 2425 355 2478 indutus
373 2425 551 2480 celeberrima
568 2442 664 2500 per
635 2426 693 2478 loca
711 2425 800 2492 vadet,

82 2496 286 2568 Personamque
303 2500 375 2554 feret
391 2518 445 2554 uon
463 2503 638 2555 inconcinnus
655 2505 818 2568 utramque;

83 2576 166 2630 Alter
183 2575 274 2628 Mileti
291 2580 396 2630 textam
415 2593 480 2630 cene
497 2576 576 2645 pejus
594 2581 623 2630 et
641 2575 721 2643 ungui
907 2591 931 2632 oo

82 2649 195 2704 Vitabit
209 2651 385 2720 chlamydem,
404 2653 537 2705 morietur
555 2653 656 2719 frigore
675 2652 697 2704 si
715 2666 769 2704 non

47 2761 58 2787 .
82 2725 236 2780 Rettuleris
252 2742 380 2795 pannum.
416 2727 500 2780 Refer
518 2730 547 2780 et
565 2727 622 2780 sine
640 2727 713 2780 vivat
730 2727 849 2794 ineptus.

82 2801 139 2856 Res
156 2817 254 2870 gerere
273 2805 303 2856 et
319 2807 412 2870 captos
430 2807 473 2856 ost
462 2802 575 2856 tendere
592 2802 695 2856 civibus
712 2802 805 2856 hostes
906 2839 912 2850 .

82 2877 207 2946 Attingit
225 2876 321 2930 solium
340 2877 417 2930 «lovis
435 2881 464 2931 et
482 2878 613 2931 caelestia
629 2881 730 2931 tentet:

82 2952 257 3042 Principibus
274 2952 408 3020 placuisse
425 2952 491 3006 viris
509 2968 563 3004 non
581 2953 677 3005 ultima
694 2952 752 3004 laus
770 2953 820 3007 est
908 2953 933 2993 ³¹⁵

83 3027 145 3084 Non
164 3027 250 3081 cuivis
267 3027 369 3080 homini
387 3031 449 3080 cont
449 3027 520 3094 ingit
508 3027 615 3080 tadire
634 3025 802 3080 Corinthum.

83 3101 163 3157 Sedit
181 3103 228 3171 qui
246 3102 339 3154 timuit
356 3117 391 3155 ne
409 3117 463 3154 non
482 3101 646 3154 succederet.
682 3099 761 3154 Esto!

18 3205 19 3212 ι
84 3177 158 3299 Quqql
175 3177 224 3248 qni
241 3177 373 3251 perveni,
389 3176 489 3230 fecitne
506 3175 637 3230 viriliteri
674 3175 760 3244 Atqui

1057 223 1060 304 l
