2144 3420
122 155 169 205 148
397 153 552 202 HORA'I'II
568 152 698 202 FLAGOI

121 233 162 287 Tu
180 249 270 288 comes
287 234 406 288 exterior
423 233 446 286 si
463 227 609 300 postulet
600 249 642 286 rre
659 230 790 286 recuses?
945 259 947 266 v

120 308 219 374 -“Utne
236 312 329 376 tegern
347 325 443 376 spurco
461 308 565 364 Damae
582 307 674 362 latus?
708 307 792 361 Haud
809 308 850 362 ita
866 309 977 378 Trojno

123 362 169 436 lle
186 383 258 451 gessi
274 387 385 439 certans
403 400 509 450 semper
526 383 705 437 melioribus?
741 375 835 450 “gollr

47 497 51 506 .
123 457 231 526 Pauper
242 459 316 512 eris.”
346 459 479 512 “Fortem
491 459 541 512 hoc
553 458 670 512 animum
682 458 800 512 tolerare
808 457 929 526 j;ubebo
944 474 975 519 so

122 534 159 587 llt
176 535 312 602 quondam
329 534 434 602 majore
451 534 509 587 tuli.
545 533 586 588 'lu
602 533 725 601 protinus
742 534 817 588 unde

122 607 238 662 Divitias
255 609 380 677 aerisque
397 625 474 662 ruam
493 608 544 675 dic,
563 624 656 676 augur,
673 609 803 662 acervos?

121 683 202 737 “Dixi
220 683 348 752 equidem
366 686 395 736 et
413 683 486 737 dico:
505 686 598 751 captes
616 688 723 748 astutus
739 683 842 752 ubique
900 713 907 724 =

122 755 295 812 Testamenta
313 775 415 826 senum,
433 775 493 822 neu,
512 758 534 810 si
552 759 627 811 vafer
643 774 712 812 unus
729 761 759 812 et
776 759 846 813 alter

122 833 313 888 insidiatorem
331 849 458 902 praeroso
475 833 577 900 fugerit
594 833 682 902 homo,
947 854 979 896 st

5 929 14 944 ·
122 911 181 963 Aut
198 925 274 976 spem
292 909 411 977 deponas
428 912 476 962 aut
494 914 582 962 artem
600 909 696 963 illusus
713 910 830 966 omittes.

69 979 72 986 '
121 983 360 1052 Magna'minorve
376 983 435 1039 foro
452 983 476 1036 si
493 999 537 1037 res
555 983 707 1037 certabitur
723 985 795 1051 olim,

122 1058 204 1112 Vivet
221 1063 285 1112 uter
301 1059 421 1128 locuples
439 1059 496 1112 sine
514 1060 593 1127 netis,
610 1059 756 1126 improbus,
774 1060 847 1113 ultro

122 1133 172 1193 Qui
192 1134 330 1187 meliorem
348 1134 437 1186 audax
455 1138 532 1188 vocet
549 1134 576 1186 in
591 1133 646 1201 jus,
664 1134 736 1186 illius
754 1139 812 1188 esto

122 1208 268 1274 Defensor;
285 1209 358 1262 fama
376 1210 462 1262 civem
480 1225 615 1278 causaque
632 1209 752 1276 priorem
945 1226 977 1267 to

122 1283 233 1351 Sperne,
253 1283 326 1337 dorni
345 1285 367 1336 si
385 1289 466 1338 natus
484 1285 538 1337 erit
555 1283 704 1338 secundave
721 1285 827 1353 conjux.

121 1358 251 1427 ‘Quinte’
261 1363 335 1429 puta,
347 1363 395 1413 aut
406 1359 515 1424 ‘Publi’
529 1359 659 1430 (gaudent
671 1361 846 1428 praenomine
856 1359 952 1426 mplles

96 1487 97 1490 ,
122 1434 277 1499 Auriculae)
296 1434 362 1487 ‘tibi
380 1451 424 1488 me
441 1435 495 1488 virt
484 1439 528 1488 tus
545 1439 594 1488 tua
610 1435 675 1488 fecit
692 1436 823 1500 amicum

120 1509 139 1562 J
141 1526 173 1562 us
190 1526 290 1578 anceps
307 1510 377 1597 novi,
396 1527 491 1563 causas
509 1509 657 1564 defendere
674 1527 797 1579 possum;

120 1584 226 1660 llripiet
244 1586 332 1656 quivis
349 1585 495 1638 oeulost
457 1585 495 1638 eit
495 1586 538 1638 ius
555 1586 628 1650 mihi,
646 1602 728 1654 quam
744 1589 774 1639 te
945 1603 977 1642 es

120 1659 191 1713 (lont
180 1651 313 1730 temptum
331 1677 405 1714 cassa
422 1677 491 1714 nuce
508 1665 655 1760 pauperem
628 1661 737 1715 thano
755 1677 816 1714 mea
833 1677 897 1715 cura
915 1666 972 1730 est,
1070 1681 1071 1684 ¹

121 1730 146 1788 N
147 1752 164 1788 e
181 1736 248 1802 quid
265 1739 297 1788 tu
314 1736 414 1804 perdes
430 1751 486 1788 neu
503 1735 540 1788 sis
554 1735 646 1803 jocus!
683 1735 729 1789 Ire
747 1736 857 1792 domum
873 1739 959 1805 atque

122 1810 279 1866 Pellicnlam
297 1826 392 1865 curare
406 1810 488 1878 jube;
506 1811 525 1863 fi
543 1811 705 1882 cognitor3'
697 1827 757 1879 rpse

121 1887 218 1941 Persta
235 1891 319 1954 atque
337 1886 449 1954 obdura,
467 1903 517 1939 seu
533 1885 617 1939 rubra
635 1886 762 1940 Canicula
779 1886 865 1941 findet
937 1888 940 1892 '

121 1961 244 2016 Infantes
263 1965 375 2029 statuas,
395 1979 443 2014 seu
461 1962 555 2030 p'ngui
573 1965 666 2014 tentus
682 1977 773 2015 omeso
939 1974 967 2012 ru
1068 2031 1069 2034 Ἴ

121 2037 219 2091 Furius
236 2037 365 2090 hibernas
382 2053 449 2089 cana
466 2037 528 2089 nive
545 2039 675 2103 conspuet
694 2036 785 2104 Alpes.
1068 2035 1069 2052 ¹

120 2112 216 2168 Nonne
234 2111 319 2182 vides,
338 2112 436 2180 aliquis
454 2111 545 2164 cubito
563 2115 681 2164 stantem
698 2127 783 2179 prope
800 2113 914 2179 tangens

121 2188 240 2256 Inquiet‚
257 2191 289 2241 ut
306 2188 420 2256 patiens,
439 2190 471 2240 ut
489 2186 582 2239 amicis
600 2190 687 2254 aptus,
705 2189 737 2239 ut
754 2187 836 2241 aeerl

121 2263 216 2317 Plures
234 2263 375 2316 adnabunt
392 2261 489 2316 thunni
506 2264 536 2314 et
553 2261 655 2314 cetaria
672 2265 801 2316 crescent.

121 2339 149 2394 Si
167 2339 210 2392 eui
228 2342 373 2410 praeterea
390 2336 496 2389 validus
513 2336 584 2389 male
601 2336 673 2388 filius
689 2336 718 2388 in
735 2352 766 2390 re

122 2414 264 2468 Praeclara
283 2412 405 2466 sublatus
422 2411 518 2479 aletur,
536 2427 571 2463 ne
589 2411 762 2464 manifestum

122 2489 241 2544 Caelibis
258 2487 417 2556 obsequium
435 2486 522 2540 nudet
539 2489 576 2552 te,
594 2485 692 2539 leniter
708 2486 737 2538 in
755 2501 831 2556 spem

121 2565 234 2633 Adrepe
251 2563 390 2630 officiosus,
407 2565 440 2615 ut
458 2566 486 2615 et
506 2560 624 2614 scribare
642 2560 777 2614 secundus

122 2640 211 2693 Heres
228 2642 265 2706 et,
282 2638 305 2691 si
324 2638 384 2706 quis
402 2653 480 2690 casus
497 2653 611 2704 puerum
630 2637 717 2704 egerit
735 2635 813 2704 Oreo,

122 2715 155 2784 ln
173 2731 286 2767 vacuum
304 2713 410 2766 venias:
428 2728 541 2780 perraro
560 2711 626 2764 haec
643 2711 702 2766 eleo
718 2711 796 2764 fallit.

122 2791 174 2854 Qui
192 2792 386 2843 testamentum
403 2787 497 2841 tradet
514 2785 565 2840 tibi
583 2802 688 2854 cunque
705 2787 863 2856 legendum,-

123 2865 253 2918 Abnuere
271 2867 300 2916 et
317 2863 424 2916 tabulas
442 2879 458 2915 a
475 2866 504 2916 te
523 2878 661 2915 removere
679 2867 824 2930 memento,

122 2938 166 2990 Sic
182 2942 274 2990 tamen
292 2940 323 2989 ut
340 2936 412 2989 limis
429 2937 525 3014 rapias
537 2936 603 3003 quid
620 2937 709 3004 prima
726 2905 845 2996 seeunclo

123 3011 192 3062 Ocra
209 3011 276 3062 velit
292 3027 389 3075 versu;
409 3011 481 3064 solus
499 3001 626 3064 m'ultisne
644 3011 763 3080 coheres,

122 3083 216 3146 Veloci
232 3099 360 3148 percurre
378 3083 461 3138 oculo.
498 3083 661 3160 Plerumque
678 3090 801 3140 recoctus
946 3095 979 3166 ις
1061 3037 1063 3164 l

123 3141 219 3209 Scriba
234 3171 270 3208 ex
287 3157 463 3234 quinqueviro
481 3174 590 3212 corvum
608 3160 722 3216 deludet
710 3162 868 3232 tlriantern
1051 3183 1062 3377 q
