2126 3410
147 139 178 187 84
406 131 610 184 CARMINUM
623 130 674 182 IV.
693 131 732 181 15.

279 214 334 268 Per
351 229 420 282 quaa
437 213 565 267 Latinum
582 227 681 265 nomen
699 214 730 266 et
746 209 837 266 Italae

279 288 397 342 (trevere
413 285 486 341 vires
501 287 627 354 famaque
645 287 674 338 et
690 285 789 353 imperi

313 363 444 416 Porreeta
459 361 591 428 majestas
608 361 645 414 ad
663 363 740 412 ortus

347 436 418 490 Solia
434 435 470 490 ab
488 435 624 504 Hesperio
641 433 731 488 cubili.

279 509 401 566 Custode
417 527 509 565 rerum
527 511 643 564 Caesare
661 525 715 562 nou
731 508 808 563 furor

279 585 373 640 civilis
389 587 438 638 aut
454 585 496 638 vis
513 585 606 652 exiget
622 583 716 650 otium,

312 661 339 714 N
341 677 376 713 ou
393 659 435 712 ira
452 675 522 728 quae
539 657 667 726 procudit
683 673 763 712 enses

348 735 386 788 Et
402 734 515 788 miserae
532 733 655 788 inimicat
670 732 759 785 urbea
818 763 832 794 ,-
965 749 991 787 ao

279 809 305 863 N
307 825 342 862 ou
359 809 406 878 qui
423 807 587 876 profundum
605 807 760 862 Danubium
776 806 886 862 bibuut'

278 883 377 938 Edicta
392 885 521 950 rumpent
537 883 556 936 J
558 882 620 948 ulia,
637 898 691 935 uon
709 881 802 950 Getae,

311 958 338 1012 N
340 973 374 1010 on
393 957 473 1011 Seres
489 956 601 1010 infidive
618 957 727 1022 Persae,

292 1072 296 1084 .
346 1031 373 1084 N
375 1047 409 1084 on
427 1031 530 1084 Tanain
547 1047 635 1100 prope
651 1030 753 1084 flumen
769 1029 832 1083 orti.

277 1106 390 1174 Nosque
407 1109 436 1159 et
453 1105 580 1174 profestis
596 1105 703 1160 lucibus
719 1108 749 1159 et
766 1104 851 1158 saeris
962 1123 989 1162 25

278 1181 357 1235 Inter
369 1179 457 1247 jocosi
474 1196 588 1234 munera
605 1179 698 1234 Liberi
794 1176 801 1185 “

294 1301 300 1318 ,
313 1255 383 1308 Cum
399 1254 476 1322 prole
492 1254 679 1323 matronisque
695 1252 803 1320 nostrie,

346 1329 411 1382 Rite
428 1329 495 1382 deos
510 1329 587 1397 prius
603 1327 749 1398 appreeati,

276 1404 390 1458 Virtute
406 1403 511 1458 functos
529 1420 604 1456 more
621 1407 732 1472 patrum
749 1401 833 1456 duces

277 1479 361 1548 Lydia
378 1479 496 1532 remixto
512 1479 630 1532 carmine
647 1477 724 1532 tibiis

311 1554 473 1642 'trojamque
491 1557 519 1607 et
507 1553 676 1608 tAnohiseu
694 1555 724 1605 et
740 1550 828 1606 ulmae

345 1629 418 1696 Prog
401 1629 506 1682 <rentem
524 1627 641 1682 Veneria
659 1641 795 1681 canemus.
