2126 3410
354 124 558 173 GARMINUM
574 123 629 172 111.
646 125 686 172 29.
912 121 943 174 ⁶7

233 203 416 260 Fastidiosam
434 205 532 259 desere
549 203 654 271 copiam
671 207 701 257 et

232 279 335 335 Molem
351 280 532 348 propinquam
549 278 668 332 nubibus
685 278 778 334 arduis
787 297 808 346 ς·
922 294 945 336 tr

267 354 372 407 Omitte
390 355 483 407 mirari
500 354 598 407 beatae

301 428 418 482 Fumum
437 433 466 483 et
483 445 548 497 opes
567 429 766 497 strepitumque
785 428 892 486 Romae.

233 502 397 572 Plerumque
414 507 512 571 gratae
529 503 661 558 divitibus
679 505 759 570 vices,

231 578 409 647 Mundaeqne
426 595 511 646 parvo
528 578 580 631 sub
597 578 654 632 lare
671 595 820 648 pauperum

266 654 372 709 Goenae
390 654 449 708 sine
465 654 566 708 aulaeis
584 657 614 708 et
630 659 704 708 ostro
924 671 946 712 rs

300 729 447 804 Sollicitam
465 729 619 796 explicuere
635 728 762 784 frontem.

186 799 189 806 ¹
232 804 296 859 Jam
313 805 402 858 clanis
418 805 554 858 ocerdtum
574 803 767 858 Andromedae
785 809 864 872 peter

231 879 362 934 Ostendit
379 879 477 946 ignem,
491 879 551 946 jam
570 879 691 946 Procyon
708 880 776 933 furit

267 955 305 1008 Et
322 955 401 1007 stella
417 956 509 1008 vesani
528 955 635 1019 Leonis,

275 1067 279 1076 ·
300 1029 363 1084 Sole
381 1029 439 1083 diss
457 1031 593 1083 referente
611 1030 711 1086 siccos:

231 1103 296 1159 Jam
313 1108 407 1173 pastor
424 1105 536 1158 umbras
553 1122 615 1158 cum
632 1122 715 1174 grege
731 1105 862 1175 languido

232 1179 387 1248 Rirnmque
403 1179 491 1232 lessus
508 1181 617 1248 quaerit
634 1185 664 1234 et
681 1182 785 1236 horridi

266 1255 387 1309 Dmnete
405 1255 514 1322 Silvani,
532 1261 662 1323 caretque

253 1367 265 1399 A·
301 1330 373 1398 Ripa
389 1330 465 1398 vagis
482 1330 619 1384 taciturna
636 1331 731 1388 ventis.

231 1404 427 1458 nativitatem
446 1405 506 1472 quis
524 1405 620 1459 deceat
637 1409 726 1459 status

232 1479 325 1545 Cures,
342 1483 373 1532 et
389 1479 460 1533 Urbi
478 1479 607 1532 sollicitus
624 1481 705 1533 times

265 1554 339 1619 Quid
356 1554 435 1608 Seres
453 1557 483 1608 et
499 1558 613 1621 regnata
631 1555 701 1622 Oyro

300 1629 401 1683 Baetra
417 1633 515 1698 parent
533 1631 685 1698 Tanaisque
703 1630 813 1687 diseors.

231 1703 357 1758 Prudens
373 1705 459 1758 futuri
476 1705 607 1772 temporis
625 1707 729 1761 exitum

232 1780 385 1847 caliginosa
401 1783 481 1833 nocte
497 1781 599 1848 premit
616 1780 693 1848 deus,

266 1855 404 1923 Ridetque
422 1855 445 1908 si
461 1856 583 1909 mortalis
596 1856 670 1909 ultra

209 1959 213 1964 -
292 1931 356 1984 0Fas
372 1930 501 1998 trepidet.
536 1931 616 1996 Quod
633 1931 713 1985 adest
730 1937 867 1988 memento

233 2004 401 2074 Gomponere
418 2022 536 2074 aequus3
554 2010 647 2060 cetera
664 2007 783 2072 fluminis

232 2080 299 2136 Ritu
316 2082 449 2148 feruntur,
466 2097 538 2134 nuuc
555 2082 646 2135 medio
663 2097 783 2149 aequore

266 2156 335 2210 (tum
353 2172 419 2224 pace
436 2155 590 2210 delabentis
608 2157 754 2212 Etruscum

300 2232 334 2285 In
351 2247 433 2299 mare,
451 2247 523 2284 nunc
540 2231 644 2299 lapides
660 2232 758 2286 adesos

231 2305 390 2375 Stirpesque
406 2310 499 2376 raptas
517 2311 547 2360 et
563 2323 644 2374 pecus
662 2310 691 2360 et
708 2307 805 2364 domus

231 2381 373 2435 Volventis
390 2399 445 2436 una
462 2398 516 2434 nou
535 2382 592 2434 sine
609 2382 743 2438 montium

246 2456 390 2510 .(llamore
406 2456 564 2524 vicinaeque
581 2456 672 2524 silvae,

299 2531 368 2584 (lum
385 2531 444 2584 fera
461 2531 577 2587 diluvies
594 2531 701 2600 quietos

231 2605 328 2660 Initat
344 2622 445 2660 amnes.
481 2605 532 2660 Ille
549 2610 646 2674 potens
664 2606 706 2658 sui

230 2679 386 2749 Luctusque
404 2680 494 2748 deget,
508 2681 551 2733 cui
568 2680 633 2734 lieet
649 2681 677 2732 in
695 2681 769 2737 diem

265 2756 374 2808 Dixisse
392 2755 474 2810 Vixi:
491 2771 550 2808 eras
568 2755 611 2807 vel
629 2766 690 2808 atra

298 2829 380 2883 Nube
396 2830 488 2898 polum
507 2830 590 2884 Pater
608 2832 739 2896 occupato
852 2837 856 2842 '

230 2901 285 2958 Vel
302 2905 358 2958 sole
375 2920 460 2972 puro;
477 2920 530 2956 non
548 2907 640 2956 tamen
657 2903 766 2955 irritum
915 2918 939 2959 ss

230 2978 416 3048 Quodcunque
433 2983 507 3031 retro
525 2981 568 3031 est
585 2977 689 3042 efficiet,
707 2992 796 3045 neque

264 3053 394 3120 Diffinget
410 3052 594 3116 infectumque
612 3049 712 3102 reddet

299 3128 380 3193 Quod
394 3126 502 3192 lugiens
519 3122 601 3176 semel
618 3121 684 3175 hora
700 3122 782 3176 vexit.
