2126 3410
414 170 567 222 HORA'I'II
584 171 714 233 FLACOI

509 317 616 375 xva
655 289 663 304 '
770 349 771 352 a

274 399 344 454 Vm
361 399 458 468 puellis
475 416 564 468 nuper
580 400 694 455 idoneus

275 475 313 529 lut
330 473 444 530 militavi
461 491 514 528 nen
532 476 591 529 sine
609 476 712 543 gloria3

307 550 389 604 Nune
406 566 482 604 arma
500 549 714 618 defunctumque
730 548 803 604 bello
844 549 849 602 ἶ

345 625 478 678 Barbiton
495 624 539 677 hic
556 625 648 692 paries
664 625 785 690 habebit,

275 699 396 754 laevum
413 700 534 754 marinae
552 700 600 768 qui
617 700 734 754 Veneris
751 701 823 753 latus
847 703 849 706 '
976 716 993 758 s

276 775 412 832 Custodit.
448 775 502 828 Hic
519 775 563 829 hic
580 775 673 844 ponite
690 775 780 828 lucida

310 851 425 904 Funalia
441 854 471 905 et
487 855 579 905 vectes
596 854 624 904 et
641 866 720 904 arcus
845 849 849 856 ’

344 925 484 994 Oppositis
500 926 604 979 foribus
620 925 745 979 minaces.

276 999 301 1053 0
320 1017 392 1068 quae
409 1001 517 1055 beatam
536 1001 600 1054 diva
616 1004 696 1054 tenes
715 1001 833 1068 Cyprum
851 1001 881 1052 et

275 1075 418 1144 Memphin
435 1077 572 1130 carentem
590 1075 714 1130 Sithonia
730 1076 800 1143 nive,
965 1089 991 1130 le

310 1149 422 1218 Regius,
440 1151 548 1205 sublimi
566 1151 672 1218 flagello
751 1195 757 1208 .
846 1168 850 1181 ·

302 1229 303 1234 ’
344 1226 436 1295 'Pange
454 1227 557 1281 Chloen
575 1227 659 1280 semel
676 1229 856 1294 arrogantem.

391 1379 423 1388 v·
497 1360 621 1428 xxun.
684 1345 688 1351 ’

276 1441 375 1498 Iurlos
391 1458 488 1510 parrae
506 1443 654 1497 recinentis
671 1454 759 1497 emen·
848 1465 850 1470 ·

241 1571 243 1576 .
274 1517 365 1572 Ducat
382 1522 411 1572 et
428 1535 578 1587 praegnans
596 1518 669 1571 canis
687 1523 736 1572 aut
752 1519 788 1571 ab
805 1534 870 1587 agre

276 1593 353 1648 Rana
370 1593 516 1647 decurrens
533 1595 597 1661 lupa
614 1592 754 1646 lanuviue

309 1669 430 1739 Fataque
448 1670 550 1738 vulpes.

274 1743 395 1814 Rumpat
412 1749 446 1799 et·
459 1761 570 1812 serpens
587 1745 641 1798 iter
658 1743 813 1798 institutum
973 1760 990 1802 ς

274 1820 305 1874 si
320 1837 371 1890 per
388 1820 526 1889 obliquum
544 1821 639 1872 similis
657 1819 776 1886 sagittae

275 1895 384 1948 Terruit
401 1912 527 1949 mannos:
545 1912 596 1963 ege
612 1895 656 1948 cui
673 1895 777 1952 timebo
849 1899 855 1906 '

261 1999 264 2004 ·
308 1969 441 2026 Providus
457 1987 567 2038 auspex,
1049 2033 1050 2036 Ἴ

274 2044 431 2111 Antequam
449 2049 553 2098 stantes
570 2047 678 2112 repetat
695 2044 810 2112 paludes
1049 2085 1050 2141 1

274 2117 408 2174 Imbrium
426 2119 517 2172 divina
534 2119 591 2172 avis
608 2120 804 2186 imminentum
867 2117 870 2122 ’
963 2135 988 2176 1⁰

273 2192 399 2247 Oscinem
417 2210 526 2248 cervum
542 2209 624 2261 prece
640 2193 776 2248 suscitabo
851 2199 855 2204 '

282 2269 377 2324 'Solis
393 2269 429 2323 ab
446 2274 516 2323 ertu.
553 2301 556 2306 ,

272 2343 316 2398 sis
332 2343 396 2398 licet
412 2344 479 2398 felix
495 2344 649 2414 ubicunque
666 2345 760 2412 mavis,
850 2350 856 2356 '

161 2474 163 2482 ,
272 2418 310 2473 m
327 2435 431 2474 memor
447 2420 541 2487 nestri,
561 2420 682 2486 Galatea,
700 2421 782 2487 vivas,
1048 2463 1049 2468 ,

271 2485 365 2564 ’leque
382 2510 433 2548 nec
449 2494 542 2548 laevus
559 2499 637 2549 vetet
653 2495 694 2549 ire
710 2495 787 2563 picus
963 2509 989 2552 ιε

298 2570 358 2624 Nec
375 2586 443 2638 vaga
460 2571 561 2623 cornix.

272 2645 328 2699 Sed
344 2646 421 2698 vides
439 2649 540 2714 quanto
557 2645 679 2714 trepidet
696 2645 815 2699 tumultu
853 2647 857 2652 “

272 2721 378 2774 Pronus
396 2721 486 2775 Orion.
504 2735 506 2739 ’
522 2721 580 2789 Ilgo
598 2721 667 2790 quid
684 2720 720 2774 sit
736 2726 798 2773 ater

271 2795 395 2850 Hadriae
413 2797 476 2850 nevi
495 2796 570 2849 sinus
588 2800 618 2850 ct
635 2796 703 2866 quid
720 2795 799 2849 albus
1047 2821 1048 2910 1

305 2871 404 2925 Peccet
422 2872 515 2940 iapyx.
960 2890 989 2934 sa
1047 2917 1048 2940 ἒ

273 2945 403 2999 Hostium
420 2962 519 2999 uxeres
536 2945 668 3014 puerique
685 2961 779 3001 caecos
852 2947 859 2956 ”
951 2947 955 2952 ’

273 3019 399 3074 Sentiant
416 3023 506 3073 motus
523 3019 636 3072 orientis
655 3021 752 3073 Austri
769 3023 799 3074 et

272 3093 409 3157 Aequoris
426 3094 497 3159 nigri
514 3092 654 3148 fremitum
671 3098 701 3149 et
717 3098 867 3152 trementes

152 3199 175 3226 p.
276 3201 284 3222 .·
307 3164 429 3220 Verbere
447 3167 528 3234 ripas.
577 3215 579 3220 .
