2126 3410
121 146 167 193 112
393 143 544 193 nonum
561 142 690 196 FLAOOI

120 221 186 276 Plus
203 237 291 291 aequo
307 221 384 290 liber,
402 223 517 290 simplex
528 221 665 290 -iortisque
681 221 832 288 heboetun

120 295 229 350 Osldior
247 300 296 363 est,
312 313 387 350 acres
404 297 477 350 intcr
495 301 661 350 numeretur.
697 297 801 366 Opinon·

120 370 198 425 Haec
215 388 259 425 res
277 375 306 426 et
318 371 411 439 jungit
424 372 534 438 junctos
552 376 581 427 ot
598 375 688 426 seruat
704 373 812 427 amicos.

120 447 161 498 At
178 461 227 498 nos
244 446 361 500 virtutes
379 447 450 514 ipsus
468 446 634 511 invertimus,
653 450 736 513 atque
939 453 965 494 ⁶⁵

120 519 261 574 Sincerum
278 522 400 588 cupimus
417 537 464 574 uss
481 522 640 575 incrustare.
665 520 781 574 Probus
798 520 862 588 quis

120 593 269 650 Nobiscum
287 597 361 662 vivit,
379 597 496 650 multum
514 596 648 650 demissus
665 595 758 650 homo:
776 595 816 648 illi

121 669 210 724 'l'srdo
227 687 375 738 cognomen
393 670 487 738 pingui
506 670 609 724 demus.
644 670 699 724 Hie
714 670 785 738 fugit
802 686 897 724 omnes

121 744 239 798 Insidias
256 745 376 813 nullique
394 745 552 807 meloletus
570 745 647 798 obdit
663 748 795 814 apertum,

121 819 190 874 eum
208 837 293 887 genus
311 820 361 873 hoc
378 821 451 873 inter
468 820 541 874 vitae
557 823 681 874 versetur
698 819 745 873 ubi
762 820 833 874 acris
941 835 968 876 ts

122 894 229 948 Invidia
246 899 328 962 atque
346 895 439 961 vigent
455 894 503 948 ubi
521 895 640 962 crimine,
657 911 706 962 pro
723 894 793 948 bene
810 912 876 948 seno

121 970 165 1022 Ac
182 985 235 1022 non
252 970 360 1022 ineeuto
377 969 470 1022 fictum
487 972 662 1038 astutumque
679 986 811 1024 voconius

121 1044 273 1112 Simplicior
291 1045 351 1112 quis
369 1047 465 1110 otest,
484 1043 592 1112 qualem
609 1059 653 1096 me
671 1061 751 1112 saepe
768 1044 886 1098 libenter·

122 1118 275 1171 Obtulcrim
291 1118 351 1186 tibi,
370 1119 521 1184 Maecenas,
540 1121 572 1171 ut
589 1117 661 1171 sorte
678 1118 813 1186 legentem

122 1195 182 1247 Aut
198 1195 312 1247 tacitum
329 1193 450 1262 impellet
466 1193 562 1262 quovis
578 1209 701 1246 sermone
718 1193 854 1260 molestus,
946 1207 971 1247 ts

122 1268 264 1321 Communi
282 1285 363 1322 sensu
380 1269 460 1336 plane
477 1272 561 1336 earet,
577 1268 721 1336 inquimus.
755 1267 840 1334 Eheu,

122 1343 209 1406 Quem
226 1347 329 1396 temere
346 1344 375 1396 in
392 1346 498 1397 nosmet
515 1344 604 1410 legem
623 1343 755 1398 sancimus
772 1341 907 1410 iniquam!

122 1418 148 1470 N
150 1435 193 1470 am
210 1417 283 1471 vitiis
301 1433 380 1470 nomo
397 1418 455 1472 sine
472 1418 609 1481 nescitum
626 1417 744 1484 optimus
760 1416 807 1470 ille
824 1421 867 1471 est

123 1492 176 1556 Qui
192 1492 309 1546 minimis
327 1496 447 1559 urgetur.
483 1493 595 1546 Amicus
613 1491 699 1545 dulcis
716 1495 748 1545 ut
765 1509 882 1560 aequum
900 1495 945 1548 est

122 1567 192 1622 Cum
209 1583 271 1622 mes
286 1570 442 1634 compenset
458 1567 532 1628 vitiis
550 1565 636 1632 bonu;
654 1567 777 1634 pluribus
793 1567 868 1622 hisce
945 1583 970 1622 ro
1060 1645 1061 1650 ἵ

123 1643 162 1708 (Si
179 1642 259 1696 modo
276 1642 355 1710 plura
371 1642 438 1696 mihi
455 1641 527 1698 bone
543 1643 614 1707 sunt)
633 1641 750 1709 inclinet,
768 1642 853 1696 amari

122 1717 152 1770 Si
170 1717 255 1772 volet:
273 1718 323 1770 hec
339 1718 399 1784 lege
416 1718 445 1770 in
462 1717 566 1770 trutina
582 1719 698 1784 ponetur
715 1717 820 1772 eedem.

123 1791 176 1855 Qui
193 1809 228 1846 ne
244 1791 386 1846 tuberibus
403 1793 519 1860 propriis
536 1791 656 1844 offendat
674 1792 790 1846 emicum

124 1866 249 1920 Postulat
265 1867 387 1933 ignoscet
404 1867 522 1928 verrucis
539 1866 626 1931 illius3
643 1883 759 1935 aequum
777 1870 820 1922 est

123 1941 245 1995 Peccatis
262 1941 368 1994 veniam
385 1946 541 2007 poscentem
559 1941 678 1996 reddere
696 1958 796 1996 rursus
945 1957 971 1998 rs
995 1989 997 1994 .

123 2015 256 2084 lienique,
274 2019 407 2083 quatenus
425 2016 513 2069 excidi
530 2015 639 2082 ponitus
656 2015 752 2070 vitium
769 2017 826 2070 irae

123 2090 223 2144 Cetera
239 2091 305 2142 item
323 2095 464 2157 noqueunt
481 2091 573 2144 stultis
590 2090 738 2157 haerentis,
756 2107 805 2146 cur
821 2085 876 2146 noir

124 2164 293 2218 Ponderibus
310 2165 481 2233 modulisque
499 2165 555 2218 suis
572 2165 642 2218 ratio
659 2165 754 2232 utitur,
773 2182 804 2218 ec
821 2183 866 2220 res

123 2240 164 2292 Ut
181 2255 305 2307 quaeque
322 2244 365 2292 ost
382 2241 422 2293 itu
438 2239 577 2308 suppliciis
594 2239 697 2300 delicta
713 2243 839 2295 co'e'rectl
877 2289 880 2296 .

123 2315 152 2370 Si
170 2314 231 2382 quis
249 2330 310 2367 eum
328 2331 435 2368 serrum
452 2315 571 2381 patinam
589 2315 636 2382 qui
653 2315 750 2368 tollere
762 2315 858 2383 jussus
947 2332 972 2371 so

123 2390 247 2442 Scmesos
264 2389 350 2457 pisces
368 2389 545 2456 tepidumque
562 2389 696 2456 ligurierit
709 2389 757 2456 jus

124 2465 157 2518 In
175 2481 254 2518 cruce
272 2465 385 2531 suffigat,
405 2464 530 2518 Labeone
547 2463 665 2516 insanior
682 2464 756 2516 inter

123 2539 207 2592 Senos
226 2537 339 2592 dicetur.
375 2537 482 2600 Quanto
500 2538 551 2591 hoe
568 2537 695 2591 furiosius
713 2542 797 2606 atque

123 2613 213 2680 Msjus
231 2616 371 2678 peceatum
388 2615 444 2665 est:
462 2612 571 2678 paulum
589 2611 705 2680 deliquit
722 2613 833 2680 amicus,

123 2687 202 2752 Quod
219 2687 271 2740 nisi
289 2685 419 2739 concedes
437 2681 555 2740 hob'care
572 2687 698 2753 insuavis,
716 2685 832 2741 acerbus
946 2701 972 2742 es
1054 2741 1055 2766 ἦ

123 2753 213 2816 ¹Odisti
231 2765 260 2814 et
277 2761 347 2828 fugis
364 2764 397 2814 ut
415 2761 554 2814 Rusonem
572 2761 681 2814 debitor
697 2763 776 2830 ueris,

122 2837 175 2900 Qui
193 2835 245 2893 nisi
263 2852 324 2888 cum
341 2836 435 2890 tristes
452 2835 552 2888 misero
569 2851 668 2889 venere
689 2835 833 2890 Kalendae

122 2909 280 2961 Mercedem
298 2913 346 2962 eut
363 2925 488 2962 nummos
505 2909 578 2962 unde
595 2909 670 2963 unde
687 2911 812 2980 extricet,
830 2925 936 2966 mnerss

123 2982 252 3033 Porrecto
265 2981 362 3047 jugulo
379 2981 506 3036 historias
523 2982 646 3050 captivus
664 2987 697 3038 ut
714 2985 799 3040 audit

103 3103 106 3110 .
124 3054 290 3108 Comminxit
307 3055 409 3108 lectum
426 3059 507 3122 potus
525 3071 651 3112 mensave
669 3059 791 3114 catillum
949 3075 974 3114 co

124 3124 244 3178 Evandri
261 3126 385 3180 menibus
402 3129 499 3182 tritum
517 3127 626 3198 dejecit,
644 3131 680 3196 ob
697 3132 767 3188 hauc
784 3149 843 3190 rem
