2144 3420
85 212 88 222 Ι
315 147 571 198 armatarum
581 149 605 200 1.
620 151 658 198 19.

64 226 194 296 Occupat
212 225 320 282 obscuri
338 229 463 297 speciem,
480 228 633 282 taciturnus
650 227 747 284 acerbi
901 230 924 272 ⁹⁵

11 339 12 364 ,
65 302 151 357 Inter
168 307 267 357 cuncta
283 304 357 371 leges
375 309 405 358 et
422 304 617 373 percontabere
635 304 737 370 doctos,

11 405 12 412 κ
67 377 133 441 Qua
149 379 256 432 ratione
274 395 358 447 queas
376 380 521 434 traducere
538 380 638 433 leniter
655 395 766 444 aarum3

11 469 12 472 ¹
67 453 146 506 Num
163 456 194 506 te
211 470 320 523 semper
338 455 416 523 inops
434 455 520 522 agitet
538 458 674 523 vexetque
691 453 798 522 cupido,

67 528 146 582 Num
164 545 249 598 pavor
267 533 296 583 et
313 546 405 584 rerum
423 530 598 584 mediocriter
615 530 724 584 utilium
742 545 818 597 spesr

69 602 215 658 Virtutem
233 603 358 658 doctrine
374 609 461 674 paret,
479 610 613 660 naturane
632 605 731 669 donet;
893 618 926 658 roa

69 678 147 741 Quid
164 679 270 732 minuat
286 696 373 745 curas,
391 681 459 749 quid
475 685 505 736 te
521 681 573 736 tibi
584 681 691 735 'reddat
707 679 835 746 amicum3

70 753 146 817 Quid
162 771 233 822 pure
250 755 416 823 tranquillet,
434 757 518 810 honos
535 773 570 810 au
588 756 667 809 dulce
684 755 819 822 lucellum,

70 832 119 882 An
137 833 273 882 secretum
290 829 345 882 iter
362 834 391 883 et
409 831 528 885 fallentis
546 832 643 885 semita
660 830 740 890 vitae,

70 903 120 957 Me
138 905 247 972 quotics
264 905 353 958 reiicit
369 905 477 973 gelidus
494 907 624 974 Digentia
641 907 723 973 rivus,

71 979 162 1042 Quem
180 978 311 1033 Mandela
328 980 406 1049 bibit,
423 998 538 1049 rugosus
556 982 655 1049 frigore
672 996 765 1050 pagus,
891 992 924 1033 ros

11 1087 12 1090 =
72 1053 147 1117 Quid
165 1055 268 1109 sentire
285 1058 386 1124 puteal
410 1057 477 1126 quid
495 1058 591 1124 credis,
609 1057 703 1125 amice,
720 1054 846 1125 precarii

72 1129 117 1183 Sit
133 1130 202 1184 mihi
220 1131 294 1199 quod
311 1148 382 1185 nunc
400 1135 451 1198 cst,
468 1133 551 1186 etiam
568 1133 672 1197 minus;
689 1131 801 1186 etmihi
819 1131 907 1184 rivam

73 1205 155 1270 Quod
172 1211 299 1274 superest
315 1207 384 1275 aeri,
402 1208 426 1261 si
443 1209 511 1276 quid
529 1225 670 1276 superesse
687 1207 782 1262 volunt
800 1205 843 1272 di;

11 1339 12 1354 ,
73 1281 118 1334 Sit
134 1280 207 1334 bona
223 1281 354 1335 librorum
372 1287 402 1336 et
418 1285 542 1350 provisae
558 1285 645 1351 frugis
662 1285 691 1340 in
709 1299 810 1336 annum

11 1359 12 1372 *
73 1355 168 1424 Copia,
185 1373 240 1410 neu
257 1356 362 1410 fluitem
379 1357 479 1412 dubiae
497 1375 545 1426 spe
563 1359 697 1428 pendulus
714 1358 804 1411 horae.
892 1372 925 1412 nc

11 1463 13 1486 r
73 1430 130 1484 Sed
148 1431 216 1484 satis
233 1436 276 1486 est
294 1448 372 1486 orare
390 1433 488 1486 Jovem
506 1449 577 1502 quae
594 1434 679 1488 donat
697 1437 727 1487 et
743 1433 846 1486 aufert:

73 1504 132 1560 Det
148 1507 244 1576 vitam,
258 1507 307 1562 det
324 1519 397 1578 opes,
414 1525 532 1578 aequum
549 1509 587 1564 mi
604 1508 723 1563 animum
740 1507 799 1577 ipse
816 1504 925 1580 parabo.

466 1649 545 1704 XIX.

12 1773 13 1794 ,
76 1731 179 1786 Parsoo
198 1730 221 1784 si
239 1731 336 1798 credis,
356 1732 500 1787 Maecenas
518 1733 606 1801 docte,
625 1732 744 1801 (iratino,

12 1811 13 1818 ’
76 1806 161 1860 Nulla
177 1807 284 1875 placere
300 1807 351 1860 diu
368 1825 418 1862 nec
435 1808 527 1862 vivere
544 1809 664 1862 carmina
681 1812 794 1876 possunt

77 1882 154 1946 Quae
172 1881 329 1936 scribuntur
346 1899 433 1950 aquae
450 1877 597 1952 potoribus.
632 1883 673 1936 Ut
689 1883 759 1936 male
777 1893 868 1937 sauos'

12 1999 13 2030 ἐ
78 1957 235 2025 Adscripsit
254 1957 337 2011 Liber
355 1958 459 2025 Satyris
478 1958 632 2026 Faunisque
649 1963 744 2027 pottas

78 2032 150 2086 Vina
165 2032 226 2086 fere
244 2032 337 2086 dulces
354 2033 481 2086 oluerunt
498 2050 577 2087 mane
595 2034 736 2088 Camenae.
904 2060 916 2100 5

79 2107 219 2162 Laudibus
237 2108 362 2176 arguitur
379 2108 434 2161 vini
451 2109 561 2162 vinosus
580 2109 729 2173 Homerus;

78 2181 189 2237 Ennius·
200 2182 260 2251 ipss
276 2187 357 2252 pater
373 2199 511 2252 nunquam
527 2184 580 2236 nisi
596 2188 678 2252 potus
695 2183 731 2236 ad
747 2199 823 2238 arma

79 2259 210 2326 Prosiluit
228 2257 351 2312 dicenda.
387 2258 511 2313 “Forum
528 2258 675 2328 putealque
694 2258 806 2311 Libonis
858 2311 863 2320 ,

12 2357 13 2362 ’
79 2330 217 2388 Mandabo
236 2333 320 2400 siccis,
339 2333 457 2387 adimam
474 2339 584 2388 cantare
602 2332 703 2386 severis
710 2331 732 2384 :”

80 2409 141 2464 Hoc
159 2408 241 2462 simul
259 2408 332 2462 edixi
349 2425 404 2461 non
422 2425 560 2462 cessavere
577 2412 675 2477 postas

80 2484 221 2538 Nocturna
239 2487 346 2537 certare
363 2499 445 2550 mero,
463 2487 560 2552 putere
578 2481 683 2536 diurno.
725 2501 729 2512 ·

81 2559 161 2627 Quid,
180 2558 283 2628 siquis
300 2559 378 2612 vultu
395 2563 473 2612 torvo
490 2558 565 2612 ferus
582 2561 611 2612 et
627 2556 698 2626 pede
715 2555 790 2612 nudo

80 2634 260 2703 Exiguaeqne
276 2637 358 2701 togae
375 2634 485 2687 simulet
502 2636 610 2688 textore
628 2633 768 2698 Catonem,

81 2707 258 2764 virtutemne
277 2712 465 2777 repraesentet
482 2723 625 2776 moresque
645 2706 772 2760 Catonis?

82 2785 169 2853 Rupit
188 2785 323 2838 Iarbitam
341 2783 496 2852 Timagenis
513 2781 619 2837 aemula
635 2781 735 2850 lingua,
908 2791 929 2830 rt

82 2860 155 2915 Ilum
173 2860 270 2914 studet
286 2858 406 2912 urbanus
423 2859 568 2927 tenditque
586 2858 706 2911 disertus
724 2855 825 2912 haberi.

83 2934 193 3008 Decipit
208 2934 348 3002 exemplar
364 2933 438 2988 vitiis
455 2933 603 2998 imitabile;
621 2932 719 3002 quodsi

13 3017 14 3028 ¹
84 3009 219 3074 Pallerepr
236 3026 301 3063 casu
315 3009 445 3063 ¹biberent
462 3024 598 3075 exsangue
616 3008 757 3061 cuminum

85 3083 107 3138 0
125 3084 286 3152 imitatores,
304 3101 411 3138 serrum
428 3099 519 3153 pecus,
537 3087 569 3136 ut
585 3081 652 3136 mihi
670 3097 751 3149 saepo

85 3157 181 3227 Bilsur,
199 3175 281 3229 saepe
293 3157 387 3228 jocum
405 3157 489 3213 vestri
506 3173 615 3212 movere
633 3156 791 3219 tumultusb
907 3159 928 3197 ’ὓ
