2126 3410
137 137 184 188 103
407 128 561 190 nonam
575 129 708 182 mem

135 211 272 266 indormis
289 210 396 264 inhians
413 214 442 266 et
458 214 597 281 tamquam
613 229 725 281 parcere
743 216 826 268 saenis

136 285 248 352 Cogeris
264 289 312 339 aut
328 283 409 354 pictis
426 289 565 354 tamquam
581 287 701 354 gaudem
718 287 833 342 tabellis.

136 359 232 412 Nescis
249 376 302 428 quo
320 361 409 414 valeat
426 363 567 414 nummusi
585 378 666 430 quem
683 361 815 430 praebeat
831 365 927 417 usum?

115 424 126 438 ⁶
137 434 219 486 Panis
237 437 349 501 ematur,
367 434 434 502 olus,
451 435 507 487 vini
525 435 666 502 sextarius,
683 437 756 490 adde

137 507 204 571 Quis
221 508 339 561 humana
357 508 409 561 sibi
426 507 519 562 doleat
535 513 633 564 natura
649 511 762 577 negatis
957 525 987 567 75-

138 584 183 635 An
201 582 312 649 uigilare
329 586 405 636 metu
415 583 581 652 exanimem,
598 588 744 653 noctesque
762 585 874 655 diesque

138 655 297 710 Formidare
315 657 399 710 malos
416 657 497 726 fures,
514 658 645 724 incendia,
664 675 755 712 servos

138 730 165 784 N
167 747 182 783 e
199 735 229 786 te
246 731 391 799 compilant
407 731 549 800 fugientes,
566 733 616 787 hoe
630 733 725 801 juvati
762 734 867 788 Horum

139 805 252 872 Semper
269 822 320 874 ego
336 806 452 874 optarim
469 808 657 875 pauperrimus
675 825 733 862 esse
750 808 887 863 bonerum.

140 880 204 932 “At
221 880 244 933 si
261 880 398 947 eondoluit
415 883 550 935 tentatum
566 883 667 950 frigore
684 900 787 952 corpus,
955 899 982 939 aa

141 955 200 1008 Aut
217 954 284 1023 alius
295 971 377 1023 *casus
391 953 462 1010 lecto
481 961 511 1010 te
529 957 632 1026 adfixit,
650 957 734 1011 habes
751 959 798 1026 qui

141 1028 284 1095 Adsideat,
302 1029 422 1082 fomenta
438 1035 523 1097 paret,
541 1032 676 1085 medicum
694 1038 772 1100 roget
788 1037 820 1086 ut
836 1036 866 1086 te

142 1103 260 1157 Smeitet
276 1119 308 1156 ae
324 1105 413 1171 gnatis
430 1104 528 1158 reddat
546 1107 668 1174 carisque
685 1108 864 1176 propinquis'’

142 1178 204 1232 Non
220 1194 289 1232 uxor
306 1179 408 1231 saluum
427 1183 455 1232 to
472 1180 537 1246 uult
555 1197 609 1233 non
627 1182 711 1246 tilius;
729 1199 821 1236 omnes

143 1253 232 1306 Vicini
249 1253 372 1321 oderunt,
389 1253 454 1318 noti,
471 1255 549 1322 pueri
566 1259 649 1323 atque
665 1257 778 1324 puellae.
959 1271 984 1312 as

143 1327 260 1396 Miraris,
278 1344 361 1395 quum
378 1331 410 1381 tu
427 1333 540 1396 argento
556 1335 618 1397 post
635 1331 724 1384 omnia
740 1347 831 1399 pones,

143 1402 173 1456 ui
189 1418 268 1455 nemo
284 1405 406 1470 praestet
423 1419 504 1470 quem
521 1420 574 1457 non
592 1405 721 1458 merearis
737 1406 872 1459 amoremi

144 1479 190 1532 An
208 1477 230 1529 si
247 1480 382 1544 cognatos,
399 1478 472 1532 nullo
489 1477 695 1536 naturalabore

145 1553 218 1618 Quos
234 1551 358 1619 eitiunt
376 1553 493 1607 retinere
510 1554 757 1625 velisservareque
773 1555 879 1624 amieos,

145 1626 245 1680 Infelix
262 1643 372 1695 operam
389 1627 504 1695 perdast
522 1632 553 1682 ut
570 1629 593 1682 si
610 1629 671 1698 quis
689 1629 801 1684 asellum
961 1645 985 1684 eo

146 1701 180 1755 Iu
198 1701 297 1770 Campo
315 1700 411 1756 doceat
426 1707 568 1770 parentem
584 1719 693 1758 currere
709 1705 799 1758 frenis
814 1720 820 1758 ·.

146 1769 269 1850 Denique
286 1775 322 1830 sit
339 1775 400 1829 finis
417 1777 573 1846 quaerendi,
590 1795 727 1848 quumque
743 1779 844 1834 habeas
861 1779 923 1848 ptus

147 1850 307 1922 Pauperiem
323 1855 428 1906 metuas
445 1852 533 1907 minus
550 1857 580 1908 et
596 1854 675 1908 finire
692 1854 813 1908 laborem

147 1925 270 1993 Incipias,
286 1929 365 1994 parto
382 1927 455 1994 quod
471 1928 576 1995 arabas,
594 1945 629 1982 ne
645 1929 728 1982 facias
745 1930 819 1998 quod

146 1999 300 2053 Ummidius
316 1999 441 2068 quidam;
457 2017 511 2055 non
528 2003 608 2070 longa
625 2007 668 2057 est
684 2003 788 2059 fabula:
805 2003 881 2058 divos
961 2019 986 2059 es

146 2075 186 2128 Ut
203 2075 346 2128 metiretur
362 2091 499 2141 nummos;
516 2077 556 2130 ita
573 2078 700 2132 sordidus
716 2083 748 2133 ut
764 2095 794 2132 se

146 2149 172 2204 N
174 2166 208 2202 on
225 2165 344 2218 unquam
361 2166 438 2204 servo
455 2151 551 2205 melius
568 2154 697 2218 vestiret;
713 2153 836 2223 adusque
877 2175 885 2190 ·-
939 2173 943 2180 ·

146 2224 313 2294 Supremum¹
325 2227 440 2294 tempus,
457 2242 492 2280 ne
509 2243 539 2280 se
556 2229 669 2296 penuria
685 2228 772 2282 vietus

147 2298 318 2367 Opprimeret
335 2299 481 2370 metuebat
502 2303 557 2356 ,At
572 2303 643 2356 hune
660 2303 758 2357 liberta
774 2301 861 2358 securi
924 2331 926 2336 v

146 2373 246 2446 Divisit
262 2373 389 2442 medium,
407 2375 553 2430 fortissima
570 2377 790 2446 Tyndaridarum.
949 2391 985 2434 mo

146 2448 243 2513 “Quid
259 2448 297 2502 mi
314 2449 397 2516 igitur
414 2449 531 2505 suadeat
549 2454 581 2506 ut
597 2453 685 2506 rivam
702 2451 845 2508 Maenius?
862 2455 912 2508 aut
928 2452 969 2508 sie

146 2522 186 2578 Ut
203 2523 388 2577 Nomentanus
398 2524 424 2579 i'
459 2525 553 2593 Pergis
569 2528 718 2596 pugnantia
735 2541 825 2582 seeum

145 2598 291 2652 Frontibus
308 2598 428 2653 adversis
445 2617 619 2669 componere:
636 2619 689 2656 non
707 2619 758 2670 ogo
775 2619 886 2656 avarum

145 2672 235 2736 Quum
252 2675 315 2726 veto
331 2676 361 2728 te
378 2673 437 2728 fieri
452 2691 566 2744 vappam
580 2676 665 2744 jubeo
682 2693 714 2732 ae
730 2678 899 2732 nebulonem.

144 2746 196 2802 Est
212 2747 285 2801 inter
302 2748 404 2802 Tanain
421 2749 551 2820 quiddam
569 2767 744 2821 socerumque
762 2751 866 2807 Viselli.
953 2767 988 2810 les

144 2821 196 2875 Est
212 2823 308 2874 modus
326 2823 354 2876 in
370 2824 459 2891 rebus,
477 2828 541 2878 sunt
558 2826 626 2882 oerti
643 2825 761 2894 denique
778 2827 854 2896 fines,

145 2895 219 2957 Quos
235 2894 308 2948 ultra
324 2897 447 2966 citraque
463 2899 560 2968 nequit
576 2900 725 2954 consistere
741 2904 852 2956 rectum.

146 2967 215 3020 Illuc
231 2968 305 3022 unde
322 2969 376 3022 abii
393 2972 484 3040 redeo,
501 2977 629 3028 nemo'ut
646 2991 743 3032 avarius

146 3041 182 3093 Se
199 3040 296 3108 probet
313 3058 344 3095 ao
361 3046 451 3110 potius
467 3047 562 3100 laudet
579 3045 687 3104 diversa
703 3054 856 3119 sequentes,

147 3111 279 3181 Quodque
296 3113 384 3170 aliena
399 3119 501 3187 capella
515 3125 596 3188 gerat
611 3122 758 3179 detentiru
774 3123 844 3178 uber
956 3141 989 3182 ιιι
