2126 3410
231 395 270 486 Q.
312 401 565 470 HORATII
604 399 819 471 FLACOI

368 555 683 624 CARMINUM

420 729 550 788 LIBER
570 727 627 790 IV.

514 901 538 957 1.

240 983 417 1052 Irrrnnmssru,
435 983 538 1051 Venus,
556 984 605 1038 diu

272 1061 377 1112 Rursus
395 1059 466 1112 bella
483 1062 593 1113 movesl
583 1059 709 1127 lParce,
725 1076 829 1134 precor,
844 1075 948 1131 precor.

238 1133 264 1188 N
265 1151 300 1188 on
317 1151 376 1187 sum
395 1134 482 1208 qualis
500 1149 575 1186 eram
592 1131 679 1187 bonae

272 1209 329 1262 Sub
346 1224 431 1276 regno
449 1203 571 1262 Cinarae.
607 1208 717 1276 Desine,
736 1209 855 1263 dulcium

237 1281 329 1338 Mater
346 1299 428 1336 saeva
445 1283 617 1351 Cupidinum,
813 1321 815 1326 -
936 1299 950 1339 n

272 1358 350 1411 Girea
367 1358 453 1412 lustra
470 1359 565 1411 decem
582 1358 694 1412 flectere
711 1358 838 1432 mollibus

237 1432 301 1488 «Iam
318 1433 417 1486 durum
434 1433 570 1501 imperiis:
588 1433 633 1487 abi

272 1508 331 1572 Quo
348 1507 466 1560 blandae
478 1508 612 1574 juvenum
629 1511 659 1562 te
676 1511 805 1562 revocant
821 1524 924 1578 preces.

237 1581 435 1651 Tempestivius
453 1582 488 1634 iu·
499 1581 609 1635 domum

272 1657 359 1710 Paulli
376 1657 521 1725 purpureis
539 1658 594 1710 ales
612 1656 731 1711 oloribus
812 1723 817 1730 Ι
925 1673 948 1716 ιο

238 1731 454 1787 Commissabere
472 1731 594 1800 Maximi,

271 1807 301 1860 Si
317 1809 422 1860 torrere
435 1805 516 1873 jecur
533 1807 642 1874 quaeris
659 1807 818 1878 idoneuma

238 1880 363 1950 Namque
380 1884 410 1935 et
426 1880 523 1934 nobilis
540 1885 576 1936 et*
586 1882 686 1936 decens

272 1956 308 2010 m
325 1973 375 2025 pro
393 1956 514 2010 sollicitis
530 1973 585 2010 non
602 1959 701 2012 tacitus
718 1959 773 2012 rein

238 2030 275 2088 lit
292 2035 403 2085 centum
419 2029 489 2100 puer
505 2033 605 2086 artium
814 2031 817 2038 “
927 2049 949 2089 rt

272 2106 341 2160 Late
358 2107 435 2173 signa
451 2106 522 2160 feret
540 2107 654 2162 militiae
670 2111 742 2176 tuae,

239 2181 276 2238 lit
293 2182 457 2251 quandoque
474 2183 613 2250 potentior·

272 2257 356 2324 Largi
372 2256 531 2310 muneribus
548 2258 641 2312 riserit
658 2258 757 2314 aemuli

239 2331 361 2387 Albanos
378 2347 462 2400 prope
479 2336 508 2385 te
525 2332 599 2386 lacus
818 2327 820 2338 '

256 2406 360 2460 Ponet
377 2423 556 2460 marmoream
575 2407 626 2462 sub
643 2407 778 2463 trabat
740 2409 778 2463 eit
779 2427 832 2467 rea.
926 2425 949 2465 m

239 2479 300 2536 Illic
317 2481 433 2549 plurima
450 2481 561 2536 naribus

272 2555 363 2609 Duces
380 2557 469 2622 thura,
487 2558 615 2627 lyraeque
633 2561 663 2613 et
680 2517 858 2629 Bereevntiae

238 2629 418 2685 Delectabere
435 2632 521 2685 tibiae

239 2705 368 2759 Mixtie
385 2707 550 2760 carminibus
566 2723 621 2760 uon
639 2706 698 2762 sine
716 2707 748 2762 lis
750 2708 823 2762 tula·
815 2749 824 2776 ,

239 2780 301 2836 Illie
318 2781 361 2835 bis
377 2782 455 2849 pueri
474 2782 519 2846 die
559 2823 560 2826 ,
817 2817 821 2825 ι
926 2799 951 2840 aa

271 2856 380 2910 Numen
398 2873 459 2910 eum
477 2856 581 2910 teneris
598 2855 751 2926 virginibus
768 2861 846 2928 tuum

238 2929 394 2986 Laudantes
411 2930 483 2998 pede
500 2932 617 2985 candido

272 3007 306 3059 In
324 3023 425 3059 morem
446 3005 547 3058 Salium
565 3011 609 3058 ter
626 3005 751 3072 quatient
768 3006 888 3062 humum.

237 3079 285 3136 Me
302 3097 352 3136 nec
369 3081 471 3134 semina
488 3095 538 3132 nee
555 3095 623 3146 puer

271 3156 337 3209 Jam
353 3171 405 3209 nee
423 3170 486 3223 spes
503 3153 585 3206 animi
603 3151 714 3206 credula
730 3153 826 3219 mutui,
923 3165 948 3205 ω
