2126 3410
370 132 573 182 onesimum
588 133 637 184 1v
657 135 694 184 le.
926 137 956 186 tl

252 214 404 268 Aeternum
421 211 601 302 opprobrium,
618 211 693 282 quod
709 213 780 268 mule
796 213 926 270 bei-bores

287 288 393 376 Regum
410 291 454 342 est
469 287 527 342 ulte
543 279 675 342 libidines.

252 360 377 416 Dicunt'
368 377 398 416 in
414 359 509 416 tenero
525 361 647 450 grumum
664 363 803 432 pinguium

251 437 386 492 Custodes
402 427 493 490 ovium
509 431 629 492 carmine
645 437 744 506 fistula,
938 448 958 488 ¹⁰

251 511 450 582 Delectantque
467 511 549 566 deum
565 509 609 567 cui
625 530 708 582 pecus
725 517 755 568 et
771 513 842 582 nigri

285 587 374 642 Colles
391 586 526 642 Arcadiae
542 588 660 657 placent

251 661 402 716 Adduxere
419 662 492 716 sitim
509 666 639 732 tempore,
651 664 767 732 Virgili3

250 738 306 791 Sed
321 753 445 806 pressum
463 737 572 792 Calibus
589 739 689 794 ducere
706 705 836 795 litterum

239 811 279 867 vSi
296 811 411 880 gestis,
397 828 531 880 Juvenum
546 813 677 868 nobilium
696 813 788 883 cliens,

282 888 309 940 N
310 887 377 942 ardo
392 887 456 942 sins
472 887 619 943 merebere.

249 961 275 1016 N
277 963 338 1018 erdi
351 979 452 1032 pervus
468 979 539 1030 onyx
556 964 646 1018 eliciet
662 964 759 1018 cadum

249 1037 301 1102 Qui
317 1053 388 1092 nunc
405 1037 530 1106 Sulpiciis
546 1039 659 1093 accubet
675 1039 788 1108 horreis,

248 1112 316 1181 Spes
333 1112 434 1166 donare
451 1129 534 1166 novus
550 1113 641 1182 largus
658 1131 804 1185 amur-sque

282 1187 414 1242 durarum
431 1186 522 1242 eluere
533 1188 634 1260 efficax,

248 1261 295 1315 ld
312 1278 382 1330 quse
398 1262 422 1316 si
438 1279 568 1331 properes
583 1263 690 1332 gaudis,
708 1280 769 1318 cum
787 1269 835 1320 tun

247 1335 335 1390 Velox
351 1353 441 1391 merce
458 1339 537 1393 veni:
555 1355 609 1392 non
625 1355 675 1406 ego
693 1343 722 1393 te
739 1341 808 1396 meis

248 1411 400 1466 Immunem
416 1411 536 1466 meditor
552 1413 659 1482 tingere
675 1414 786 1484 poculis,

281 1486 365 1540 Plene
381 1487 457 1541 dives
473 1491 506 1541 ut
522 1488 551 1540 in
568 1489 656 1544 domo.

247 1561 351 1614 Verum
367 1577 437 1631 pone
454 1577 544 1616 morus
561 1565 590 1617 et
607 1563 729 1618 studium
746 1564 820 1632 lucri,

246 1636 271 1689 N
273 1636 444 1704 igrorumque
460 1653 570 1705 memor,
588 1637 653 1691 dum
670 1638 741 1706 licet,
758 1639 861 1708 ignium

133 1715 139 1725 '
247 1710 331 1765 Misce
347 1711 490 1766 stultitiam
507 1713 623 1766 consiliis
639 1713 765 1771 brevemz

279 1785 366 1839 Dulce
382 1789 426 1841 est
442 1785 566 1855 desipere
582 1787 611 1842 in
627 1787 693 1842 looo.

246 1991 405 2078 deorumn,
422 1927 624 2078 Lyoeddilinse
640 2013 710 2077 voto,
727 2011 757 2066 di

245 2083 391 2151 Audivere,
410 2084 494 2153 Lyce:
511 2087 544 2140 fis
560 2103 635 2156 anim,
652 2091 790 2144 ettamen

278 2157 329 2211 Vis
345 2159 463 2212 formose
478 2160 566 2214 videri

312 2225 453 2294 Ludisque
470 2231 499 2280 et
515 2227 587 2282 bibis
603 2229 747 2298 impudens

244 2298 281 2353 Et
297 2303 379 2360 contu
395 2301 511 2354 tremulo
527 2305 592 2368 pote
609 2303 771 2372 Cupidinem

245 2374 361 2428 Leutum
379 2375 515 2429 sollicitas.
550 2375 601 2429 llle
618 2379 731 2433 virentis
747 2383 778 2434 et

277 2448 382 2502 Doctae
398 2449 515 2516 psallere
533 2449 617 2505 Chiae

311 2521 435 2578 Pulchris
452 2523 570 2578 excubat
586 2526 615 2579 in
631 2529 714 2594 genis.

244 2596 419 2666 Importunus
435 2600 508 2653 euim
525 2603 675 2656 transvolet
691 2603 782 2657 arides

242 2671 370 2741 Quercus,
388 2676 417 2727 et
433 2674 535 2742 refugit
551 2679 581 2730 te
598 2677 662 2745 quia
678 2677 761 2730 luridi

274 2746 386 2814 Dentes,
404 2751 433 2801 te
451 2750 515 2817 quie
531 2765 615 2817 rugae

309 2819 430 2890 'liupnnt
447 2827 476 2876 et
492 2824 564 2890 cepit
553 2826 588 2877 tis
606 2825 687 2878 nives

240 2893 300 2950 Nec
317 2895 389 2950 Once
405 2913 436 2949 re
438 2898 553 2951 f‘erunt
540 2915 599 2966 Jum
616 2899 669 2954 tibi
686 2916 822 2968 purpureo

240 2968 300 3025 Nec
317 2971 383 3025 oleri
400 2971 505 3040 lapides
522 2976 653 3042 tempore,
670 2989 740 3057 quoe
758 2976 842 3029 seuiol

274 3043 355 3098 Notis
371 3046 479 3098 condite
495 3046 573 3099 festis

309 3113 425 3169 Inclusit
438 3117 552 3172 volucris
568 3117 635 3179 dies.
