2116 3424
365 122 518 176 HORATII
535 121 666 172 FLAOOI

487 271 539 326 VI.
769 266 925 322 ἐψυὛ-Μὼ

225 355 349 421 Somou,
368 353 459 410 Gades
477 354 585 410 aditum
602 372 708 412 meeum
725 367 755 415 et

226 430 392 484 Cantabrum
411 429 550 485 indoctum
564 429 633 498 juga
650 433 723 486 ferre
740 436 833 490 nostra
849 437 880 490 et

225 505 361 560 Barbaros
379 505 473 574 Syrtes
488 505 538 560 ubi
554 505 653 563 Maura
670 523 777 577 semper
800 533 803 543 ·

260 581 379 646 Aestuat
397 581 477 647 unda,

225 655 310 712 'libur
328 657 420 726 Argeo
438 657 556 726 positum
574 658 666 714 oolono
933 679 954 722 ις

226 731 269 787 sit
286 748 362 786 meae
380 731 459 786 sedes
476 733 582 786 utinam
600 737 731 801 senectae,

224 806 268 862 Sit
284 808 387 878 modus¹
399 807 469 861 laeso
486 808 570 862 merie
587 812 617 862 et
633 809 736 864 uariam

257 882 448 950 Militieeque!

224 957 307 1011 Unde
319 957 348 1016 ai
366 956 468 1011 Parcae
485 957 632 1026 prohibent
648 958 765 1028 iniquae,

225 1029 312 1086 Dulce
328 1031 431 1100 pellitis
448 1031 542 1096 ovibus
561 1033 668 1088 Galaesi
912 1051 950 1092 to
1016 1062 1024 1074 ·

225 1106 342 1162 Flumen
359 1110 389 1160 et
405 1111 519 1176 regnata
535 1112 627 1176 petam
646 1108 751 1163 Laooni

261 1183 337 1236 Rura
356 1179 532 1248 Phalantho..,

226 1254 279 1312 Ille
295 1261 431 1328 terrarum
449 1258 516 1312 mihi
533 1262 643 1327 praeter
660 1275 754 1314 omne,

228 1334 354 1402 Angulus
371 1333 445 1388 iidet
461 1333 510 1388 ubi
527 1349 581 1388 non
600 1335 732 1404 Hymetto

226 1409 310 1464 Mella
327 1409 465 1463 deoedunt
481 1408 617 1478 viridique
634 1413 724 1464 certat
920 1427 946 1466 1⁵

262 1485 349 1538 Baoca
368 1484 505 1550 Venafro3
645 1511 653 1524 ·

226 1559 285 1615 Ver
301 1560 348 1614 ubi
365 1560 476 1628 longum
493 1559 656 1628 tepidasque
673 1562 787 1628 praebet

198 1681 202 1688 ,
225 1636 356 1705 luppiter
373 1635 490 1702 brumas,
509 1637 539 1688 et
556 1635 657 1690 eminus
677 1635 766 1690 Aulon

227 1711 323 1766 Fertili
341 1711 448 1764 Baccho
465 1709 606 1762 minimum
625 1710 747 1764 Falernis

262 1786 373 1840 Invidet
390 1785 456 1838 uvis.

227 1860 280 1916 Ille
296 1863 326 1914 te
343 1877 449 1914 meeum
466 1859 541 1914 locus
557 1863 587 1914 et
603 1859 701 1914 beatae

228 1934 372 1990 Postulant
389 1952 482 2000 aroes;
499 1935 537 1988 ibi
555 1939 587 1990 tu
605 1935 737 1990 nolentem

228 2009 330 2066 Debita
346 2025 457 2077 sparges
475 2011 585 2064 lacrima
602 2009 722 2064 favillam
785 2007 791 2020 “

265 2084 344 2140 Vatis
361 2085 447 2139 amici

482 2225 551 2282 VII.

228 2309 253 2364 0
271 2326 357 2363 sunau
373 2324 480 2382 meeum
496 2319 606 2378 tempus
623 2307 651 2360 in
668 2306 796 2364 ultimum

229 2384 361 2452 Deduote,
380 2384 467 2438 Bruto
484 2384 598 2438 militiae
616 2383 692 2452 duee,
766 2394 770 2400 '

263 2459 330 2525 Quis
348 2463 377 2514 te
394 2459 537 2513 redonavit
556 2458 691 2524 Quiritem
757 2476 765 2489 ·=

297 2535 347 2588 Dis
364 2534 461 2606 patriis
480 2533 605 2603 Italoque
623 2535 703 2599 eaelo,

167 2641 172 2650 ·
229 2609 341 2678 Pompei
359 2611 482 2663 nieorum
499 2609 587 2678 prime
606 2609 745 2674 sodalium,
889 2659 894 2670 ,
924 2615 948 2666 'ss

228 2685 298 2741 cum
316 2701 370 2753 quo
388 2687 538 2738 morantem
557 2701 638 2754 saepe
655 2685 728 2738 diem
747 2699 827 2738 mero·

262 2760 346 2828 Fregi
364 2763 508 2814 coronatus
524 2759 644 2813 nitentes

296 2835 469 2888 Malobathro
488 2833 572 2901 Syrio
582 2835 709 2902 capillosl

228 2909 329 2963 'lecum
347 2909 485 2978 Philippos
502 2913 531 2962 et
548 2909 662 2963 celerem
681 2910 773 2978 lugam

229 2983 306 3038 Sensi
324 2983 419 3036 relicta
435 3000 488 3036 non
505 2983 575 3036 bene
592 2985 721 3052 parnaula,
916 2995 945 3039 ιο

265 3056 336 3130 (lum
351 3057 437 3124 fraota
454 3057 541 3110 virtus
559 3061 587 3110 et
604 3059 722 3120 miuaoee

299 3127 389 3200 'lurpe
407 3131 493 3184 solum
509 3131 627 3198 tetigere
644 3137 744 3192 menta·
