2126 3410
369 141 590 216 cummium
606 163 629 215 1.
646 168 671 216 a.
900 162 945 212 ιω

101 247 241 314 labescat,
260 261 351 314 noque
368 261 398 298 se
414 245 511 313 majori
528 244 722 314 pauperiorum·
803 238 806 246 ’

101 319 210 377 'lurbae
227 323 373 389 comparet,
391 318 462 372 huno
479 323 563 387 atque
581 319 652 371 hunc
670 331 799 384 superero
815 313 928 368 laboret.

101 398 147 451 Sic
165 394 304 449 festinanti
322 409 431 462 semper
446 393 605 461 locupletior
621 391 720 456 obstat,

7 449 9 512 f
100 471 150 539 ut,
169 487 251 538 quum
269 466 423 522 carceribus
439 468 535 521 missos
552 467 625 536 rapit
641 464 743 532 ungarie
759 477 861 526 currus,

7 1327 12 1572 Ι

7 1615 13 1882 l

8 1931 15 2150 l

10 2215 16 2388 l

11 2461 16 2646 l

12 2711 18 2954 l

13 3011 20 3387 l

7 547 9 562 '
102 545 194 599 Instat
213 544 291 612 equis
307 542 402 610 auriga
419 558 481 596 suos
498 541 674 609 vincentibus,
691 539 767 592 illum
912 551 945 592 nt
1050 593 1051 606 ,

102 618 289 673 Praeteritum
306 620 431 671 temnens
448 620 585 670 extremos
601 616 674 669 inter
691 617 807 668 euntem

7 749 8 764 ,
102 693 175 747 Inde
193 693 226 746 lit
241 696 273 747 ut
289 707 351 745 rano
368 692 415 760 qui
433 707 462 745 se
479 691 578 745 vixisse
594 691 705 744 beatum

101 767 192 834 Dicat,
211 769 240 820 et
257 770 353 820 exacto
370 768 513 820 contentus
530 769 653 835 tempore
671 765 727 817 vita

7 847 8 858 ¹
102 841 194 896 Cedat
211 841 253 895 uti
271 840 382 894 conviva
399 844 481 907 satur,
499 840 620 909 reperire
637 854 773 907 queamus.

102 916 169 969 Jam
186 917 253 968 satis
270 915 319 969 est
355 914 398 968 Ne
415 929 460 968 me
477 913 594 983 Crispini
611 914 708 966 scrinia
724 911 790 979 lippi
912 923 945 962 rao

103 990 271 1059 compilasse
288 991 376 1057 putes,
394 987 506 1042 verbum
523 1004 577 1042 non
594 987 708 1056 amplius
725 985 831 1040 addam

508 1127 548 1184 11.

104 1213 323 1266 aususausus
341 1209 459 1279 collegia,
476 1209 706 1279 pharmacopolae,
745 1203 747 1214 ’

104 1285 233 1352 Mendici,
251 1286 356 1352 mimae,
373 1285 534 1350 balatrones,
551 1285 602 1338 hoe
618 1301 704 1352 genus
721 1299 800 1338 omne

104 1360 243 1414 Maestum
261 1377 292 1413 ae
309 1360 453 1414 sollicitum
470 1365 512 1414 est
529 1361 646 1414 cautelis
663 1363 751 1413 morte
768 1357 871 1426 Tigelli.

105 1434 213 1502 Quippe
231 1434 363 1502 benignus
380 1439 446 1489 erat.
482 1436 583 1489 Contra
600 1435 651 1498 hie,
670 1451 704 1488 ne
720 1434 851 1502 prodigus
868 1447 928 1485 esse

104 1507 223 1562 Dicatur
239 1512 369 1576 metuens,
386 1507 459 1578 inopi
477 1509 543 1563 dare
560 1509 629 1562 nolit
645 1509 730 1562 amico
933 1520 946 1560 o

105 1583 205 1652 Frigus
222 1599 276 1653 quo
293 1583 443 1653 duramque
459 1585 558 1638 famem
575 1584 725 1653 propellere
742 1583 834 1650 possit

105 1658 189 1712 Hunc
205 1657 229 1711 si
244 1657 412 1727 perconteris
429 1660 473 1714 avi
490 1676 538 1713 eur
555 1663 638 1727 atque
655 1659 775 1727 parentis

105 1732 276 1800 Praeclaram
293 1733 400 1801 ingrata
417 1735 534 1802 stringat
550 1733 637 1787 malus
654 1733 771 1800 ingluvie
788 1746 854 1802 rem,

105 1806 204 1860 Omnia
220 1807 361 1862 conductis
377 1814 501 1863 coemens
518 1809 629 1862 obsonia
645 1807 769 1873 nummis,

104 1881 239 1936 Sordidus
256 1885 338 1950 atque
355 1884 437 1937 animi
454 1884 529 1953 quod
544 1883 620 1952 parvi
637 1883 704 1936 nolit
721 1881 824 1948 haberi,
926 1896 947 1934 ro

105 1955 272 2025 Respondet.
306 1957 447 2012 Laudatur
463 1957 499 2012 ab
515 1959 565 2025 his,
583 1958 708 2026 culpatur
724 1955 759 2009 ab
776 1956 837 2009 illis

105 2031 231 2084 Fufidius
247 2049 349 2101 vappae
367 2031 466 2088 famam
484 2033 564 2086 timet
581 2049 612 2086 ao
629 2032 776 2098 nebulonis,

105 2105 190 2160 Dives
207 2108 286 2174 agvis,
304 2107 380 2161 dives
396 2109 492 2176 positis
509 2109 538 2160 in
555 2109 646 2161 fenore
663 2107 797 2160 nummis:

105 2181 209 2244 Quinas
226 2182 269 2234 hic
286 2182 368 2250 capiti
386 2183 524 2237 mercedes
542 2187 650 2236 exsecat
667 2187 749 2249 atque

105 2257 214 2318 Quanto
230 2255 365 2324 perditior
381 2259 496 2326 quisque
513 2262 556 2311 est
573 2260 651 2311 tanto
668 2257 757 2309 acrius
774 2258 869 2323 urget;
926 2267 949 2306 1⁵

104 2330 224 2384 Nomina
241 2334 361 2384 sectatur
377 2333 458 2385 modo
476 2335 584 2401 sumpta
600 2335 677 2385 veste
694 2331 764 2386 virili

105 2403 164 2458 Sub
181 2404 305 2474 patribus
323 2405 400 2460 duris
416 2407 542 2460 tironum.
567 2406 702 2474 Maxime,
721 2407 860 2476 quianon,

104 2478 251 2549 iuppiter!
272 2480 405 2534 exclamat
423 2481 603 2550 simulatque
621 2482 744 2536 audivit‘l
780 2482 821 2534 At
838 2481 866 2532 in
884 2497 913 2534 so

105 2553 161 2608 Pro
179 2559 294 2624 quaestu
312 2559 449 2624 sumptum
465 2555 530 2610 facit
547 2558 597 2610 hic.
633 2556 688 2609 Vix
705 2557 818 2611 credere
836 2557 921 2624 possis

106 2629 194 2693 Quam
206 2629 259 2683 sibi
276 2646 330 2683 non
347 2631 384 2684 sit
399 2631 507 2698 amicus,
524 2632 565 2685 ita
580 2635 613 2686 ut
628 2635 708 2700 pater
723 2631 770 2685 ille
787 2630 897 2684 Terenti
923 2645 946 2684 ao

100 2703 211 2758 ·Fabula
228 2719 310 2773 quem
327 2705 456 2759 miserum
472 2711 555 2773 gnato
571 2706 671 2759 vixisse
687 2707 780 2772 fugato

107 2777 218 2832 inducit
235 2795 289 2832 non
307 2795 338 2833 se
353 2779 432 2848 pejus
450 2780 609 2834 cruciaverit
625 2785 707 2848 atquo
725 2779 775 2844 hic
821 2825 827 2836 .

105 2853 136 2907 si
152 2851 221 2924 quis*
231 2871 302 2908 utine
319 2858 439 2923 quaerat,
459 2854 518 2918 Quo
534 2871 578 2909 res
595 2855 662 2908 haee
678 2854 819 2923 pertiueti
835 2853 914 2909 illue:

105 2927 179 2982 Dum
195 2929 284 2982 vitant
301 2929 377 2982 stulti
394 2930 461 2983 vitia
477 2930 506 2982 in
523 2931 656 2983 contraria
672 2932 792 2984 currunt

105 3001 236 3057 Maltinus
254 3004 352 3056 tunicis
369 3004 492 3056 demissis
509 3002 646 3067 ambulat;
664 3005 706 3056 est
724 3004 771 3070 qui
924 3019 947 3057 aa

107 3076 214 3145 Inguen
230 3077 267 3131 ad
284 3077 446 3130 obscoenum
463 3076 604 3129 subductis
620 3090 706 3142 usque
723 3077 843 3140 facetus5

14 3201 16 3210 i
108 3150 234 3206 Pastillos
252 3151 369 3206 Rufillus
384 3151 448 3218 olet,
465 3147 615 3215 Gorgonius
631 3148 743 3202 turcum.
803 3216 805 3221 ,
