2144 3420
126 157 173 208 172
398 159 553 208 HORATII
569 157 699 210 FLAOOE

123 235 237 292 Invitus
272 235 349 304 Fuge
365 251 477 306 magna:
494 239 560 293 licet
578 238 629 292 snb
646 253 766 307 paupere
782 240 857 294 tecto

123 310 214 378 Reges
232 313 262 364 et
279 328 376 379 regum
393 311 451 368 vita
467 330 644 382 praecurrere
661 313 768 367 amicos

124 385 227 438 Oervus
245 402 345 454 equum
362 403 453 456 pugna
470 387 566 441 melior
582 386 769 441 communibus
786 385 878 441 herbis

125 459 257 527 Pellebat,
274 460 361 514 donec
377 463 466 516 minor
482 463 511 516 in
528 464 677 516 certamine
697 462 777 530 longo
950 477 978 516 se

125 535 285 603 Imploravit
301 551 367 604 opes
385 537 501 592 hominis
517 538 679 607 frenumque
695 526 815 606 recepit‘;

125 609 182 664 Sed
198 614 342 679 postquem
360 611 446 666 victor
463 612 566 666 violens
585 611 709 666 discessit
726 611 761 665 ab
779 611 857 666 hoste

125 686 151 739 N
154 701 188 739 on
205 686 326 754 equitem
345 687 432 756 dorso,
450 703 504 740 non
521 687 628 740 frenum
646 685 753 755 depulit
770 702 825 739 erc.

125 759 171 814 Sic
187 761 235 830 qui
252 762 410 830 pauperiem
428 761 532 816 veritus
543 762 656 836 ,potiore
673 759 790 816 metallis

126 833 268 890 Libertate
285 840 376 906 caret,
387 837 618 892 dominum-vehit
638 835 779 904 improbus
797 837 879 902 etque
951 847 976 886 tu

126 907 234 965 Serviet
250 915 399 979 aeternum,
417 912 482 980 quia
498 911 704 980 parvo'nesciet
720 910 769 964 uti.

126 983 179 1038 Cui
196 1003 250 1040 non
267 986 409 1040 conueniet
427 1003 476 1040 sua
493 1003 545 1053 res,
563 989 596 1040 ut
613 985 719 1039 calceus
736 983 808 1048 olim,

55 1101 65 1121 .
126 1059 156 1114 Si
173 1061 244 1130 pede
262 1061 350 1129 major
367 1061 421 1116 erit
438 1060 588 1128 subvertet,
606 1061 629 1114 si
647 1061 735 1113 minor
751 1064 821 1114 uret

127 1131 320 1191 Laetus-sonte
337 1139 386 1190 tus
402 1137 477 1191 vives
498 1137 642 1204 sapienter,
661 1134 758 1201 Aristi,

127 1209 187 1264 Nec
203 1228 248 1266 me
265 1211 388 1265 dimittes
405 1212 595 1279 incastigatum
611 1210 661 1264 ubi
677 1209 768 1278 plura:
790 1237 852 1256 »w
951 1223 976 1262 ιε

127 1285 231 1354 Cogere
249 1303 330 1355 quum
347 1286 415 1340 satis
432 1290 475 1339 est
492 1303 523 1340 ec
540 1303 594 1340 non
610 1301 718 1340 cessare
735 1282 855 1338 videbor.

128 1360 252 1430 Imperat
269 1365 317 1415 aut
334 1361 420 1416 servit
436 1361 549 1415 collecta
565 1360 680 1430 pecunia
697 1357 802 1428 cuique,

127 1435 240 1491 'Portum
258 1436 341 1505 digna
358 1437 435 1504 sequi
452 1437 543 1504 potius
560 1452 644 1504 quarn
660 1435 762 1488 ducere
779 1433 879 1487 funem

128 1511 207 1566 ilaec
222 1511 275 1566 tibi
291 1510 428 1566 dictabam
446 1515 509 1579 post
525 1511 617 1563 fanum
634 1513 716 1577 putre
734 1507 869 1574 Vacunae,

128 1587 251 1658 Excepto
268 1587 342 1656 quod
359 1601 413 1640 nen
430 1585 509 1639 simul
528 1601 602 1661 esses
619 1587 728 1638 caetere
744 1581 937 1788 leetusX
952 1595 977 1636 tr

72 1777 80 1869 i
128 1809 210 1874 Qum·
221 1809 272 1864 tibi
289 1811 347 1864 visa
365 1809 453 1876 Chios,
472 1808 583 1876 Bullati,
601 1811 720 1879 notaque
738 1808 849 1876 Lesbos,

69 1876 202 1956 {wQuid
219 1885 348 1939 concinna
366 1885 467 1950 Sarnos,
486 1884 554 1954 quid
572 1884 667 1938 Croesi
683 1884 760 1952 regia
777 1884 878 1938 Sardes

129 1961 242 2028 Srupnna
259 1960 372 2028 quidet
391 1959 546 2028 Colophon?
581 1959 690 2027 Majora
706 1959 845 2013 minorave
873 1974 941 2019 amu.

129 2036 269 2088 Cunctane
286 2051 353 2102 prae
371 2035 472 2103 Ceurpo
490 2038 520 2089 ct
538 2033 665 2088 'liberino
682 2033 793 2088 flumine
811 2033 940 2087 sordenti

129 2112 175 2164 An
193 2110 313 2164 venitin
330 2112 424 2163 votum
443 2109 572 2164 Attalicis
589 2126 625 2163 ex
642 2107 758 2163 urbibus
774 2125 835 2176 uns,
881 2159 885 2162 .
963 2121 977 2161 s

130 2189 175 2238 An
194 2183 336 2238 Lebedum
352 2183 448 2238 laudas
465 2185 529 2238 odio
546 2185 629 2239 maris
646 2187 730 2252 atque
747 2183 867 2237 viarnml

129 2261 187 2314 Scis
206 2259 332 2313 Lebedus
349 2259 417 2327 quid
434 2259 485 2324 sit;
497 2259 599 2316 ,Gabiis
616 2259 752 2313 desertior
768 2262 853 2326 atque

130 2335 241 2390 Fidenis
258 2335 348 2400 vicus;
365 2338 458 2390 tamen
475 2334 531 2388 illic
548 2335 643 2390 vivere
657 2333 762 2398 vellem,
866 2371 869 2377 .

129 2411 291 2478 Oblitusque
309 2426 431 2464 meorum
449 2408 648 2464 obliviscendus
666 2412 696 2462 et
712 2408 766 2462 illis
1056 2463 1057 2470 χ

129 2487 289 2553 Neptunum
307 2484 401 2552 procul
419 2500 435 2538 c
452 2487 527 2540 terre
544 2488 667 2553 spectare
685 2484 829 2537 furentem.
956 2495 978 2534 n

129 2562 185 2615 Sed
202 2576 293 2628 ncquc
310 2559 358 2628 qui
376 2559 470 2627 Capua
488 2558 603 2614 Romam
620 2558 691 2628 petit
708 2556 796 2632 imbre
813 2557 926 2624 lutoque

129 2637 287 2704 Adspersus
303 2634 378 2688 velet
395 2633 424 2688 in
441 2649 562 2701 caupona
579 2635 685 2699 vivere;
702 2649 753 2687 nec
769 2631 816 2700 qui

130 2712 228 2778 Frigus
246 2707 355 2776 collegit
372 2707 466 2764 furnos
485 2711 514 2762 ct
531 2708 629 2764 balnea
646 2707 755 2762 laudet'
832 2731 837 2738 =

131 2785 170 2838 Ut
187 2785 355 2837 fortunatam
371 2782 452 2850 plene
470 2783 639 2850 praestantia
655 2783 756 2844 citans

129 2857 155 2911 N
158 2874 189 2911 ec
206 2857 229 2910 si
247 2860 276 2909 te
293 2855 399 2910 ualidus
412 2856 559 2924 jactaverit
578 2859 683 2911 Auster
700 2857 729 2910 in
745 2855 809 2924 alto,
957 2865 979 2906 1³

130 2932 236 2984 Idcirco
254 2947 351 2984 navem
367 2933 445 2984 trans
464 2931 604 2998 Aegaeum
621 2947 697 2984 mere
713 2931 824 2986 vendas.

130 3003 263 3056 Incolumi
282 3003 394 3056 Rhodos
411 3007 442 3058 et
459 3002 590 3071 Mytilene
608 3005 721 3071 pulchra
737 3005 804 3060 fecit
821 3000 896 3074 quod

131 3076 251 3129 Paenula
268 3076 392 3143 solstitio,
410 3081 565 3144 campestre
582 3079 716 3132 nivalibus
733 3080 815 3146 auris,

99 3145 103 3154 '
130 3149 185 3202 Per
201 3149 326 3202 brumam
344 3149 457 3204 Tiberis.
476 3151 573 3209 Sextili
591 3168 684 3206 meme
701 3154 830 3208 combrus.
