2144 3420
124 153 168 201 las
395 107 551 200 nonam
566 148 700 200 anasei

122 232 265 285 Autumat.
300 229 378 284 Haec
388 229 508 298 populos,
519 231 585 284 haec
597 246 707 298 magnos
718 223 834 286 formuis
844 247 925 301 reges
944 242 978 292 la

122 306 244 374 Excepto
261 305 383 372 sapiente
401 309 485 360 tenet
520 306 546 358 N
549 321 601 359 unc
618 307 709 373 accipe
727 321 812 374 quare

121 379 265 449 Desipiant
282 397 375 434 omnes
394 397 478 448 aeque
497 397 528 433 aa
545 386 577 434 tu
595 381 641 449 qui
659 381 710 435 tibi
727 397 825 436 nomen

122 455 222 510 Insano
238 471 361 524 posuere.
398 456 481 508 Velut
499 455 573 509 silvis
590 456 638 508 ubi
655 456 756 524 passim

122 530 250 585 Palantes
267 547 343 584 error
361 534 436 583 certo
454 530 489 583 de
506 531 618 584 tramite
635 531 721 599 pellit,

122 604 174 660 Ille
186 607 378 669 sinistrorsum,
391 606 435 658 hic
447 605 620 658 dextrorsum
632 606 703 659 abit:
721 623 791 660 unus
802 607 913 676 utrique
944 623 974 665 to

122 682 212 749 Error,
231 682 280 734 sed
298 682 378 734 variis
396 681 488 734 illudit
505 680 643 748 partibus;
661 682 757 754 hecto

122 757 211 811 Crede
228 757 308 809 modo
326 757 456 822 insanum,
475 756 559 808 nihilo
576 759 609 810 ut
627 757 774 825 sapientior
791 757 837 811 ille

121 832 174 896 Qui
191 835 221 886 te
238 832 348 885 deridet
365 831 477 884 caudam
496 831 596 884 trahat
631 831 682 884 Est
698 849 784 900 genus
802 849 885 887 unum

121 907 259 960 Stldtitiae
278 907 390 960 nihilum
408 905 557 958 metuenda
574 905 704 973 timentis,
722 912 753 961 ut
770 908 854 976 ignes,

123 981 162 1035 Ut
178 999 259 1050 rupes
278 981 427 1048 fluviosque
445 981 474 1033 in
492 996 586 1048 campo
604 981 712 1034 obstare
730 988 874 1050 queratur;
944 973 971 1040 ds

120 1057 249 1110 Alterum
267 1059 296 1110 et
314 1055 376 1108 huic
394 1071 488 1108 varum
506 1059 535 1109 et
553 1055 636 1108 nihilo
654 1057 803 1124 sapientius
820 1058 897 1126 ignes

121 1132 176 1184 Per
193 1133 296 1184 medios
313 1130 464 1198 fluviosque
482 1131 600 1184 ruentis:
619 1130 717 1185 clamet
734 1131 819 1184 amica

120 1205 218 1270 Mater,
237 1205 351 1258 honesta
368 1221 444 1258 soror
462 1220 522 1258 cum
541 1205 668 1272 cognatis,
686 1209 773 1274 pater,
790 1223 872 1261 uxor:

120 1282 190 1334 ‘Hic
207 1283 278 1334 fossa
295 1284 338 1333 est
355 1280 457 1347 ingens.
476 1279 519 1364 hic
537 1297 619 1347 rupes
635 1281 759 1347 maxima,
778 1281 880 1335 serval'

119 1356 146 1410 N
148 1374 182 1410 on
200 1357 285 1424 magis
303 1355 422 1408 audierit
440 1371 520 1424 quam
539 1355 633 1409 Fufius
651 1355 741 1408 ebrius
759 1357 830 1423 olim,
943 1373 968 1412 oa

119 1432 189 1486 (lum
208 1433 322 1485 Ilionam
340 1429 465 1496 edormit,
485 1430 605 1484 Catienis
623 1431 696 1484 mille
714 1431 846 1499 ducentis,

119 1507 234 1574 ‘Mater,
252 1511 281 1560 te
298 1505 405 1575 appello
416 1507 430 1559 !'
447 1505 634 1560 clamantibus
672 1505 744 1559 Huic
761 1523 811 1574 ego
828 1507 924 1576 vulgus

118 1582 212 1636 Errori
230 1582 345 1636 similem
362 1583 488 1634 cunctum
506 1580 625 1634 insanire
643 1580 753 1634 docebo.

119 1658 227 1712 Insanit
244 1662 351 1711 veteres
368 1661 472 1710 stouras
491 1655 671 1724 Damasippus
689 1656 818 1712 emendo:
946 1721 950 1728 ,

118 1733 234 1801 Integer
251 1737 294 1786 est
310 1732 409 1784 mentis
428 1731 586 1798 Damasippi
604 1731 742 1786 creditori
778 1732 860 1787 Esto!
942 1750 969 1790 os

118 1809 221 1876 Accipe
239 1808 313 1876 quod
330 1822 468 1874 nunqnam
487 1805 588 1858 reddas
606 1805 679 1872 mihi,
698 1807 721 1859 si
739 1806 789 1860 tibi
807 1807 902 1875 dicam,

118 1882 194 1936 Tune
211 1883 320 1935 insanus
338 1881 392 1934 eris
410 1881 432 1933 si
450 1881 605 1947 acceperis?
624 1897 658 1932 an
677 1882 761 1948 magis
780 1898 873 1935 excors

118 1958 233 2026 Rejecta
250 1956 352 2024 praeda
369 1971 450 2023 quam
468 1971 597 2023 praesens
615 1955 768 2008 Mercurius
784 1957 857 2010 ferti

118 2032 227 2086 ‘Scribe
245 2033 340 2085 decem
358 2030 457 2095 Nerio;
475 2047 528 2082 non
546 2034 589 2082 cst
607 2031 686 2084 satis:
705 2031 777 2084 adde
795 2031 905 2100 Cicutae

118 2106 221 2162 Nodosi
238 2107 345 2161 tabulas
363 2110 480 2172 centum,
498 2105 571 2158 mille
593 2105 665 2158 adde
682 2109 804 2160 catenas:
941 2123 967 2162 ro
1063 2159 1064 2162 ,

117 2183 237 2250 Effugiot
254 2187 346 2235 tamen
363 2181 429 2234 haec
447 2179 593 2233 sceleratus
612 2180 717 2233 vincula
737 2181 856 2236 Proteus

118 2258 187 2311 (ium
205 2258 294 2324 rapies
311 2257 339 2308 in
354 2255 401 2323 jus
418 2255 497 2308 malis
514 2254 650 2308 ridentem
668 2255 769 2322 alienis,

117 2332 182 2386 Fiet
193 2349 266 2402 aper,
278 2331 359 2384 modo
371 2331 435 2397 avis,
447 2329 528 2382 modo
541 2345 636 2382 saxum
648 2334 677 2383 ct
689 2347 750 2383 cunr
761 2331 835 2385 volet
846 2330 941 2387 arbor!
967 2395 970 2400 1

117 2409 147 2462 Si
164 2409 234 2461 male
251 2423 309 2461 rem
326 2421 421 2474 gerere
439 2405 525 2458 insani
543 2408 592 2471 est,
611 2409 705 2458 contra
722 2405 791 2460 bene
808 2408 873 2474 sani,

117 2481 243 2536 Putidius
261 2481 346 2534 multo
364 2479 504 2533 cerebrum
523 2483 573 2546 est,
592 2479 657 2532 mihi
675 2481 763 2546 creda,
782 2482 882 2549 Perilli,
940 2497 967 2538 τε

116 2556 252 2611 Dictantis
271 2551 344 2625 quod
361 2558 393 2607 tu
410 2570 549 2621 nunquam
567 2553 717 2608 rescribere
734 2557 827 2624 possis.
936 2597 939 2602 .
965 2621 968 2628 1
1061 2573 1062 2584 ’

117 2633 224 2687 Audire
243 2636 326 2700 atque
344 2634 434 2696 togam
450 2629 535 2696 jubeo
553 2646 721 2698 componere,
740 2632 877 2702 quisquis

117 2707 275 2762 Ambitione
294 2705 364 2758 mala
381 2708 430 2758 aut
447 2704 554 2771 argenti
572 2705 657 2772 pallet
674 2721 773 2776 amore,

116 2782 244 2850 Quisquis
262 2779 369 2834 luxuria
387 2779 494 2832 tristive
515 2780 708 2846 superstitione

117 2859 177 2909 Aut
193 2857 246 2909 alio
263 2855 363 2908 mentis
380 2854 474 2906 morbo
492 2854 578 2918 calet;
594 2855 647 2908 huc
664 2855 776 2924 propius
794 2873 846 2927 me,
941 2874 970 2916 so

116 2929 189 2981 Dum
207 2929 291 2981 doceo
309 2928 428 2980 insanire
446 2943 547 2993 omnes,
565 2945 612 2980 vos
630 2930 727 2984 ordine
746 2932 828 2986 adite.

116 3001 264 3054 Dandoeu
275 2999 407 3054 hellebori
422 3002 507 3056 multo
525 3019 589 3069 pars
607 3006 725 3058 maxims
743 3009 844 3074 avaris;

117 3073 215 3128 Nescio
233 3091 268 3126 an
287 3074 446 3140 Anticyram
463 3077 534 3128 ratio
551 3077 604 3129 illis
622 3077 743 3133 destinet
760 3084 875 3140 omnem.

117 3146 245 3200 Heredes
264 3146 371 3200 Staberi
384 3163 516 3202 summam
533 3150 653 3204 incidere
671 3155 809 3222 sepulcro:
