2126 3410
359 142 505 194 EPODON
522 142 639 204 LIBER,
657 146 681 192 3.
909 91 942 193 ui

187 222 890 291 Paridemqueloporemetudrenemluqueogrutem
917 240 941 280 ss

222 296 351 351 ‹lumndo
368 302 461 366 captat
478 299 607 366 praemis

187 373 256 438 Quis
273 389 327 426 non
344 373 477 426 malarum
495 389 563 441 quas
580 389 657 426 umor
675 387 755 427 cures
773 371 857 428 habet

225 447 303 500 Haeo
320 447 393 501 inter
410 447 600 502 obliviscitur?

188 521 293 587 Quodsi
310 521 410 591 pudiea
427 522 525 576 mulier
542 523 571 575 in
588 525 696 590 portem
709 520 792 590 juret

224 597 342 650 Domum
359 600 444 666 utque
462 597 556 650 dulces
572 595 682 663 liberos,
918 614 942 654 lo

187 671 289 726 Sabina
306 671 394 740 qualis
410 675 460 726 aut
476 675 591 740 peruste
607 671 710 724 solibus

224 745 346 800 Perniois
364 763 433 800 uxor
451 745 543 814 Apuli,

187 819 300 876 Sacrum
318 821 435 874 vetustis
452 823 578 874 exstruet
594 819 676 889 lignis
692 820 781 874 iocum

223 893 301 948 Isusi
319 894 370 947 sub
387 895 536 949 adventum
553 895 612 963 viri,

188 968 378 1038 Olsudensque
396 970 481 1023 textis
497 968 618 1024 cratibus
635 969 738 1023 lustum
756 984 839 1037 pecus
916 981 940 1022 rs

224 1042 354 1097 Distento
371 1043 455 1098 siccet
471 1043 565 1111 ubera,

188 1117 227 1171 lit
243 1117 330 1172 horno
345 1119 420 1172 dulei
437 1119 500 1172 vina
516 1135 644 1187 promens
661 1117 733 1172 dolio

224 1191 317 1260 Dspes
334 1193 469 1262 inemptas
487 1196 617 1262 apparet:

189 1265 252 1320 Non
268 1283 315 1322 me
332 1267 451 1322 Lucrina
464 1267 588 1336 juverint
602 1267 741 1335 oonehylis

225 1341 349 1410 Magisve
365 1342 495 1396 rhombus
512 1346 561 1396 sut
578 1342 657 1409 seori,
912 1355 939 1397 tt

187 1415 219 1470 Si
237 1433 305 1484 quos
323 1417 387 1471 Eois
404 1418 528 1471 intonato
546 1417 675 1472 fluetibus

224 1489 377 1545 fflems'sd
395 1491 446 1545 hoo
463 1496 555 1546 vertat
571 1507 663 1556 mero3

188 1564 252 1618 Non
271 1565 342 1620 Airs
358 1567 416 1619 oris
434 1565 584 1620 descendat
601 1566 630 1620 in
648 1567 774 1620 ventrem
792 1579 890 1632 meum,

222 1639 249 1692 N
250 1654 286 1693 on
301 1643 414 1708 attagen
432 1641 542 1695 Ionious

185 1713 347 1782 iucundior,
364 1731 447 1783 quam
463 1715 535 1769 leots
553 1714 589 1770 de
605 1713 789 1783 pinguissimis
912 1727 938 1766 ss

224 1788 304 1842 Oliva
320 1790 410 1860 rumis
421 1790 549 1844 arborum

188 1865 250 1918 Aut
265 1863 351 1917 herbo
368 1863 471 1932 lapathi
488 1867 567 1933 pmte
583 1863 701 1918 amantis
717 1867 747 1917 et
764 1861 840 1930 gravi

223 1937 331 1992 Mulvee
349 1938 472 1992 salubres
488 1938 604 2008 corpori,

188 2011 243 2066 Vel
259 2028 331 2080 tgna
347 2013 426 2067 iestis
443 2030 522 2068 osesu
539 2007 742 2078 Terminalibus,
761 2023 766 2032 ’

223 2085 277 2140 Vel
294 2087 399 2141 haedus
417 2091 529 2157 ereptus
546 2088 617 2156 lupo
912 2098 937 2140 et

189 2160 249 2214 Has
266 2161 340 2216 inter
355 2162 451 2231 opulas
467 2167 500 2216 ut
512 2162 594 2230 juvat
612 2165 704 2230 pestes
720 2176 785 2214 oves

223 2235 327 2290 Videre
344 2241 523 2305 properantes
537 2237 658 2304 domum,

188 2307 293 2364 Videre
306 2311 396 2364 fessos
413 2327 551 2364 vomerem
568 2311 705 2364 inversum
723 2308 806 2362 bores

223 2384 300 2438 Collo
317 2385 458 2440 trahentes
475 2385 612 2453 languido,

188 2458 351 2528 Positosque
367 2477 472 2529 vernes,
488 2461 557 2514 ditis
574 2475 688 2514 examen
704 2457 810 2522 domus,
912 2469 937 2508 os

223 2533 333 2588 (lireum
350 2535 509 2589 renidentes
527 2535 626 2589 Lares!

159 2605 163 2614 “
187 2607 268 2663 Haeo
284 2609 332 2663 ubi
349 2609 456 2664 loeutus
473 2609 611 2664 tenemur
629 2607 753 2676 Alpinius,

120 2681 123 2686 '
221 2683 288 2737 ,Iam
301 2683 362 2752 jem
378 2685 488 2739 iuturus
505 2685 631 2752 mstious,

185 2756 305 2812 Omnem
321 2758 431 2827 redegit
449 2757 546 2830 Idibus
562 2757 712 2828 pecuniam,

223 2831 339 2897 Quaerit
358 2833 491 2888 Kalendis
508 2849 616 2904 ponere.
654 2865 658 2872 ·
911 2840 936 2882 ⁷⁰

187 3053 331 3110 Pnrrmnrs
349 3057 413 3109 olim
431 3056 454 3109 si
473 2974 636 3124 ἐιιῐίἑίωρὶι
652 3067 734 3106 manu
843 3061 847 3070 ·

173 3127 180 3138 '
221 3127 316 3184 Sonus
331 3134 429 3198 guttur
446 3129 568 3198 fregerit,
