2116 3424
318 141 522 192 oARMINUM
539 143 592 192 111.
610 147 633 192 3.

224 219 340 287 Perjura
356 237 494 289 pugnaces
513 221 633 275 Achivos

232 301 233 308 ’
255 293 403 349 Hectoreis
421 295 518 363 opibus
535 295 668 364 refringit,

188 367 216 422 Ν
218 370 352 438 ostrisque
368 371 481 424 ductum
499 371 678 424 seditionibus

77 455 81 462 ·
187 443 294 498 Bellum
311 445 421 498 resedit
458 444 586 498 Protinus
604 448 634 498 et
650 457 748 513 graves

223 518 282 572 Irus
299 523 328 572 et
345 519 461 572 invisum
478 523 606 587 nepotem

255 591 351 646 Proica
367 610 449 661 quem
465 594 573 662 peperit
590 592 716 648 sacerdos

188 665 271 720 Marti
288 667 440 732 redonabo;
457 667 534 721 illum
552 684 603 736 ego
620 667 724 722 lucidus

189 740 263 796 Inire
281 742 369 809 sedes,
386 744 487 796 ducere
504 743 624 796 nectaris

222 815 327 883 Succos,
344 821 374 870 et
390 817 507 871 adscribi
525 817 626 886 quietis

255 890 405 944 Ordinibus
422 892 511 959 patiar
527 893 650 946 deorum.

188 961 261 1018 Dum
278 966 373 1034 longus
390 967 464 1020 iuter
481 967 584 1020 seorim
601 967 671 1022 Ilion

188 1037 356 1109 Romamque
373 1044 474 1110 pontus
491 1041 615 1110 qualibet
631 1040 739 1096 exsules

221 1114 255 1168 In
272 1121 352 1182 parte
369 1119 502 1182 regnanto
519 1115 608 1181 beeti;

247 1189 327 1242 Dum
346 1189 447 1244 Priami
466 1190 627 1258 Paridisque
643 1188 726 1243 busto

188 1259 307 1317 insultet
324 1269 478 1318 armentum
495 1267 525 1317 et
542 1265 645 1318 catulos
662 1265 736 1318 ferae

187 1336 283 1391 Celent
300 1337 403 1392 inultae
422 1342 478 1392 stet
496 1337 659 1406 Capitolium

200 1410 346 1480 ·Fulgens,
363 1412 593 1481 triumphatisque
611 1411 697 1480 possit

254 1485 342 1540 Roma
358 1487 435 1539 ferox
452 1487 519 1540 dare
533 1487 599 1554 jura
617 1485 712 1540 Medis.

187 1556 333 1614 Horrenda
350 1560 405 1614 late
422 1577 521 1614 nomen
537 1561 566 1614 in
584 1561 693 1613 ultimas

187 1632 324 1688 Extendat
342 1651 410 1701 orae,
429 1651 483 1702 qua
499 1635 605 1688 medius
623 1633 716 1701 liquor

218 1709 342 1762 Seecrnit
359 1709 486 1776 Europen
503 1708 538 1762 ab
557 1708 668 1775 Afro„

253 1781 313 1846 Qua
329 1783 451 1836 tumidus
468 1783 541 1850 rigat
557 1797 622 1834 arva
640 1757 728 1848 Nilus,

185 1856 291 1910 Aurum
308 1857 471 1924 irrepertum
489 1862 518 1910 et
535 1857 573 1910 sio
590 1856 687 1910 melius
704 1856 788 1913 situm

149 1993 153 1996 ,
187 1929 255 1988 Cum
272 1934 347 1984 terra
364 1932 436 1984 celat
453 1947 583 1998 spernere
600 1931 697 1984 fortior

218 2005 304 2070 Quum
322 2021 418 2073 cogere
436 2005 568 2058 humanos
585 2006 613 2058 in
631 2020 696 2058 usus

150 2130 155 2139 ,
251 2078 340 2132 Omne
358 2095 464 2132 sacrum
481 2081 603 2147 rapiente
621 2081 726 2134 dextra„

184 2151 341 2221 Quicunque
357 2154 460 2206 mundo
477 2154 609 2208 terminus
627 2149 737 2208 obstitit

185 2226 267 2280 Hunc
284 2231 379 2294 tangat
396 2228 486 2295 armis,
503 2229 591 2282 visere
608 2228 729 2295 gestiens

216 2301 277 2365 Qua
293 2307 373 2368 parte
390 2301 593 2356 debacchentur
609 2303 709 2369 ignes,¹
736 2329 739 2334 Δ

214 2433 218 2437 ,
250 2374 310 2440 Qua
326 2376 441 2429 nebulae
458 2376 596 2444 pluviique
614 2391 696 2430 rores.

183 2447 238 2502 Sed
254 2449 389 2503 bellicosis
406 2451 463 2504 iata
481 2450 631 2514 Quiritibus

182 2522 243 2586 Hac
260 2524 321 2591 lege
339 2524 406 2592 dico,
423 2542 458 2578 ne
475 2525 588 2578 nimium
605 2524 644 2593 pii

216 2597 365 2666 Rebusque
382 2599 500 2652 fidentes
516 2600 605 2652 avitae

180 2707 191 2738 ,ι
250 2671 333 2726 Tecta
350 2673 435 2726 velint
452 2689 578 2741 reparare
596 2671 699 2727 Troiae.

182 2743 278 2799 'l'roiae
295 2763 438 2801 renascens
456 2748 521 2800 alite
538 2746 646 2814 lugubri
732 2743 735 2747 ’

182 2818 303 2876 Fortuna
320 2822 393 2875 tristi
411 2822 489 2875 clade
506 2821 658 2885 iterabitur,

195 2893 341 2960 ;Ι)ιιοοιι1;ο
359 2897 484 2950 victrices
501 2902 624 2948 catervae

250 2970 390 3036 Coniuge
379 2987 434 3022 ·me
452 2971 528 3022 dovis
546 2973 575 3022 et
592 2981 689 3019 semro.

181 3037 234 3094 'Per
252 3044 274 3094 si
292 3047 418 3108 resurgat
435 3057 528 3093 murus
545 3045 643 3090 a'e'ueus

182 3119 306 3169 Auctore
326 3115 434 3170 Phoebo
451 3117 496 3192 ter
512 3114 606 3179 pereat
623 3105 692 3159 meis
737 3170 741 3180 ἱ
