2144 3420
12 59 16 246 ‚

357 161 612 213 EPISTOLARUM
627 160 650 210 1.
668 162 707 210 2⁰.
902 154 951 208 lot

12 275 14 290 =
100 241 192 297 Carus
209 243 263 297 eris
280 243 385 300 Rornae
402 245 489 299 donec
505 247 536 298 te
552 243 663 297 deserat
679 242 771 304 cetnsg
925 257 947 297 rc

100 318 296 372 Contreotstus
314 319 361 374 ubi
380 320 503 373 menibus
521 317 679 371 sordescere
698 314 771 380 vulgi

100 392 240 461 Coeperis,
258 397 306 448 snt
323 377 411 448 tineos
428 410 522 462 pasces
539 393 691 446 taciturnus
709 389 819 451 inertes,
905 399 911 412 ·

101 467 163 521 Aut
179 467 268 536 fugies
286 469 394 531 Uticsin
412 473 460 523 eut
478 468 584 521 rinctus
601 465 720 531 mitteris
739 463 868 520 Ilerdam.

100 539 218 597 Ridebit
234 544 352 616 monitor
369 561 423 598 non
441 543 594 610 exauditus,
611 540 706 594 utillo

100 616 155 680 Qui
174 618 245 671 mele
263 622 407 687 parentem
424 618 454 670 in
471 633 554 685 rupes
571 615 704 683 protrusit
721 611 834 667 asellum
928 630 950 674 ιε

11 731 12 746 r
99 691 210 746 Iratus:
228 693 379 760 quis,[enirn
396 693 512 748 invitum
529 707 638 748 serrare
656 689 777 755 laboret}

100 766 164 820 Hoc
181 783 290 836 quoque
307 771 337 822 te
354 776 453 835 monet,
470 771 503 820 ut
519 781 618 834 pueros
636 765 771 819 elemento
788 763 931 834 docentem

99 842 224 910 Occupet
241 844 372 897 extremis
389 844 417 896 in
435 841 501 896 vicis
518 839 600 894 balbo
617 843 749 894 senectus.

99 916 171 970 (ium
188 917 240 970 tibi
258 918 298 971 sol
315 918 426 987 tepidus
442 917 537 988 plures
553 915 705 968 admoverit
722 930 811 984 sures,

98 991 155 1058 Me,
173 992 303 1046 libertino
320 997 415 1048 netum
430 996 511 1061 petre
529 995 558 1044 et
575 990 604 1043 in
621 989 698 1044 tenui
715 1005 753 1057 re,
919 1009 948 1048 so

11 1119 12 1140 ἢ
98 1067 220 1135 Majores
237 1065 339 1136 pennus
356 1067 421 1121 nido
439 1065 596 1120 extendisse
615 1063 742 1132 loqueris,

11 1145 12 1168 ³
97 1141 140 1194 Ut
158 1147 290 1211 quantum
307 1143 402 1210 generi
419 1142 514 1196 demas
531 1139 679 1193 virtutibus
697 1137 799 1206 sddss3

98 1217 147 1270 Me
164 1218 259 1286 primis
277 1217 360 1272 Urbis
377 1217 443 1271 belli
459 1215 593 1286 placuisse
610 1214 753 1281 domique;
800 1203 803 1221 ¹

98 1291 226 1360 Corporis
244 1292 343 1361 exigui,
361 1307 531 1361 praeconum,
550 1288 651 1342 solibus
669 1293 770 1356 aptum,

11 1377 12 1426 ι
64 1358 70 1366 ’
97 1367 185 1421 Irasci
203 1367 326 1435 celerem,
344 1371 436 1421 minen
453 1370 485 1419 ut
502 1363 640 1434 placabilis
657 1379 752 1416 essem.
919 1381 943 1423 fl

11 1439 12 1456 ¹
97 1442 184 1496 Forte
202 1459 292 1496 meum
310 1441 333 1495 si
352 1442 413 1511 quis
432 1445 461 1495 te
478 1437 683 1508 percontabitur
699 1452 804 1503 aevum,

11 1515 12 1520 ’
96 1517 146 1570 Me
164 1521 263 1586 quater
279 1515 403 1574 undenos
420 1515 488 1569 sciet
504 1512 658 1581 implevisse
677 1509 843 1566 Decembres

10 1647 11 1664 p
97 1591 237 1663 Collegem
254 1589 390 1675 Lepidum
407 1605 461 1660 quo
478 1588 558 1644 duxit
575 1585 677 1642 Lollius
693 1600 771 1642 euno.
