2126 3410
128 142 176 191 tm
398 133 556 188 nomam
572 137 705 186 mcor

129 218 167 272 nt
183 216 257 270 vivat
273 211 351 285 puris
366 212 494 269 manibus
511 218 666 270 contemnat
682 229 839 285 utrumqne.

128 291 170 345 Ut
187 292 224 344 uis
240 294 273 345 tu
291 290 385 345 similis
403 292 478 346 Caeli
497 291 624 360 Birrique
640 291 786 360 latronum,

129 366 192 420 Non
210 383 260 434 ego
279 383 338 420 sum
356 366 437 434 Capri
454 383 544 434 neque
562 366 650 421 Sulci:
669 384 717 421 cur
733 371 841 434 metuas
858 369 921 425 mel
953 379 979 428 to

128 441 155 496 N
158 442 213 496 ulla
229 442 344 495 taberna
360 458 436 494 meos
453 440 553 494 habeat
569 457 659 510 neque
677 443 733 512 pila
750 443 878 512 libellos,
958 438 970 448 “

130 517 197 581 Quis
214 534 309 572 manne
327 516 437 570 insudet
455 516 527 584 vulgi
546 517 783 587 Hermogenisque
802 519 919 586 Tigelli:

129 593 155 648 N
158 611 188 647 ee
206 593 290 646 recito
308 593 432 659 cuiquan
449 591 501 645 nisi
518 593 617 661 amicis,
635 594 719 662 idque
737 598 853 663 coaetus,

129 669 154 724 N
157 667 299 723 onlubivis
316 683 438 722 coramve
455 667 630 735 quibuslibet.
659 664 699 722 'ln
716 669 806 724 medio
824 670 872 738 qui

129 745 238 813 Scripta
256 744 314 796 foro
334 742 452 796 recitent
469 746 533 797 eunt
551 744 630 798 multi
649 746 751 814 quique
769 745 905 802 lavantes:
953 763 981 806 ts

129 821 218 876 Suave
236 820 309 873 loeus
327 819 386 872 voci
406 823 516 872 resonat
533 819 680 874 conclusus.
716 820 814 874 Inanee

130 896 192 950 Hoe
205 895 292 962 juvat,
310 893 385 947 haud
404 893 471 946 illud
490 897 660 962 quaerentes,
679 911 744 947 num
763 896 821 949 sine
839 911 929 966 sensu,

130 969 262 1039 Tempore
278 986 344 1022 num
361 969 462 1022 iaciant
481 969 576 1022 alieno.
611 969 758 1024 ‘maedam
778 971 905 1040 gaudes,”

130 1045 232 1115 Inquit,
252 1045 303 1100 “et
322 1045 372 1098 hoo
390 1044 481 1099 stridio
499 1060 598 1113 pravus
617 1045 703 1100 facie.n
738 1041 819 1100 Unde
837 1048 955 1116 petitum

130 1120 191 1175 Hoc
210 1121 238 1174 in
258 1136 302 1174 me
315 1119 404 1188 jaeiel
439 1120 490 1174 Est
508 1123 602 1173 auctor
620 1121 681 1188 quis
699 1121 816 1191 deniqne
835 1139 929 1176 eorum
952 1139 978 1178 m

129 1196 195 1250 vixi
214 1213 276 1250 eum
294 1196 410 1264 quibust
447 1195 597 1251 Absentem
617 1197 664 1264 qui
683 1197 757 1250 rodit
775 1197 906 1264 amicum

130 1272 183 1336 Qui
201 1289 254 1326 non
274 1271 398 1326 defendit
417 1271 469 1324 alio
489 1271 630 1340 culpante3
649 1272 751 1326 solutos

130 1348 183 1412 Qui
201 1351 293 1417 captat
308 1346 379 1420 rinus
397 1345 535 1400 hominum
553 1347 706 1415 famamque
721 1347 838 1414 'dioaois;

130 1423 247 1492 Fingere
265 1422 312 1491 qui
332 1439 386 1475 non
405 1421 461 1473 visa
479 1426 586 1491 potest3
604 1423 745 1476 commissa
762 1426 854 1478 tenere
1021 1489 1024 1496 Δ

130 1499 183 1564 Qui
201 1499 310 1566 nequit;
328 1498 373 1551 hic
391 1497 470 1564 niger
484 1501 533 1564 est,
545 1497 618 1550 huno
633 1502 672 1564 tu,
685 1497 815 1566 Romane,
827 1501 929 1563 cavato.
951 1515 979 1556 85

130 1575 217 1643 Saepe
236 1573 324 1628 tribuo
336 1573 421 1626 :lectis
439 1571 533 1626 videas
551 1587 665 1626 coenare
684 1577 838 1642 quaternos,
866 1623 868 1628 .

130 1650 268 1719 Equibus
285 1653 354 1701 unus
374 1652 448 1700 amet
468 1645 744 1715 quavis'adspergere
762 1654 873 1703 cunctos

130 1725 244 1780 Praeter
252 1741 313 1777 enm
320 1723 367 1791 qui
375 1721 489 1792 praebet
496 1726 682 1790 aquam3post
690 1723 761 1776 huno
771 1741 879 1794 quoque
886 1726 978 1792 potus,

77 1855 81 1864 ,
129 1799 245 1854 Condita
262 1815 323 1853 oum
343 1815 425 1851 verax
445 1797 532 1865 aperit
552 1797 710 1864 praecordia
729 1798 818 1854 hiber.

130 1875 184 1929 Hie
202 1875 254 1929 tibi
271 1873 354 1927 comis
372 1877 402 1926 et
419 1872 539 1926 urbanus
559 1871 682 1941 liberque
701 1873 819 1942 uidetur,
950 1891 980 1932 eo

130 1950 233 2004 infesto
252 1949 343 2016 nigris.
360 1949 437 2016 ligo
457 1948 480 2002 si
499 1946 546 1999 risi
565 1947 639 2015 quod
660 1947 770 2016 ineptus

130 2025 255 2090 Pastillos
274 2024 390 2078 Rufillus
410 2023 472 2088 olet,
483 2022 643 2089 Gorgonius
663 2023 775 2092 hircum,

129 2099 241 2154 Lividue
259 2103 289 2153 et
306 2098 419 2171 mordax
437 2097 531 2151 videor
547 2097 616 2152 tibii
653 2098 758 2152 Mentio
776 2099 800 2152 si
820 2116 875 2170 qua

129 2176 172 2244 De
192 2174 336 2244 Capitolini
354 2173 435 2226 furtis
453 2172 556 2240 injecta
576 2172 689 2226 Petilli*

128 2251 166 2305 'le
186 2267 275 2304 eoram
293 2249 383 2316 fuerit,
402 2247 534 2300 defendas
553 2250 586 2300 ut
606 2252 670 2301 tuus
690 2252 734 2303 eat
752 2266 826 2305 mos:
951 2269 980 2310 es

128 2326 197 2379 “Me
213 2323 380 2393 Capitolinus
395 2323 547 2376 convictore
567 2339 633 2376 uene
651 2325 792 2394 amicoque

128 2403 155 2458 A
173 2417 258 2470 puero
277 2402 327 2465 eet,-
343 2412 478 2464 aeneaque
498 2413 560 2450 mea
580 2400 717 2466 pernmlta
735 2405 857 2468 rogatus·

127 2476 211 2541 Fecit,
227 2479 256 2529 et
273 2473 412 2527 incolumis
429 2472 517 2526 laetor
534 2473 608 2542 quod
625 2475 692 2538 vivit
709 2475 738 2529 in
755 2476 839 2542 urbe;

127 2551 183 2608 Sed
200 2555 291 2606 tamen
309 2549 435 2616 admiror,
453 2565 508 2617 quo
524 2553 604 2616 paeto
617 2549 752 2617 judicium
769 2550 838 2604 illud

127 2627 262 2695 Fugerit?
283 2624 464 2691 .Hio.nigrue
481 2641 576 2678 succus
593 2624 718 2694 loliginis,
736 2626 802 2680 haec
820 2630 863 2682 eet
943 2642 995 2684 mo.

126 2706 236 2771 Aerugo
253 2717 335 2756 mera.
368 2700 450 2765 Quod
467 2695 563 2754 vitium
581 2701 674 2769 procul
692 2703 766 2756 afore
785 2703 887 2757 chartis
1047 2699 1048 2759 l

127 2781 221 2847 Atque
237 2777 328 2830 animo
344 2776 427 2844 prius,
445 2779 477 2828 ut
495 2776 518 2828 ei
536 2775 604 2844 quid
621 2777 783 2844 promittere
801 2778 836 2836 de
854 2795 899 2833 me

127 2853 240 2906 Possum
257 2851 331 2904 aliud
348 2867 419 2916 vere,
438 2851 574 2917 promitto.
610 2851 735 2905 Liberius
753 2853 776 2906 ei
1046 2845 1047 2939 l

126 2926 228 2978 Dixero
246 2925 320 2994 quid,
338 2925 361 2977 ei
377 2925 448 2976 forte
461 2923 588 2993 joeosius,
606 2925 656 2979 hoe
673 2928 739 2980 mihi
754 2927 827 2996 juris

126 2998 195 3051 eum
212 2999 290 3051 venia
307 2997 398 3051 dabis:
417 2998 534 3051 insuetit
551 3005 631 3067 pater
649 3003 767 3070 optimus
785 3004 836 3058 hoo
853 3021 905 3075 me,
940 3021 975 3072 m

126 3071 167 3124 Ut
184 3072 304 3139 fugerem
323 3071 453 3139 exemplis
470 3072 598 3127 vitiorum
616 3093 741 3147 quaeque
759 3079 905 3136 notando.-

127 3144 196 3198 Cum
214 3160 257 3198 me
274 3145 437 3210 hortaretur,
454 3160 542 3215 parce,
560 3148 709 3220 frugaliter,
727 3158 811 3224 atque
