2116 3424
423 154 575 202 HORA'HI
594 153 720 200 FLAOCI

322 235 436 289 Excisus
455 234 572 300 Argivis,
589 237 634 286 ter
650 249 719 286 uxor

295 329 298 334 ·
356 310 443 377 Capta
460 310 548 361 virum
565 323 717 374 puerosque
733 305 829 374 ploret.

289 383 352 438 Non
369 385 419 437 hoe
432 384 541 451 jocosae
559 383 702 436 conveniet
718 381 805 449 lyrae:
853 383 858 388 '

290 459 356 526 Qun,
367 459 462 526 Musa,
479 457 589 512 tendisl
625 457 725 510 Desine
742 457 867 524 pervicax

324 535 437 588 Referre
455 549 593 586 sermones
611 532 722 584 deorum
740 536 769 585 et

358 609 458 676 Magna
474 608 562 660 modis
580 611 693 661 tenuare
710 606 809 676 parvis

290 831 439 886 Dnsonunn
457 831 530 884 eaelo
547 747 638 884 {tvllie
655 846 705 898 age
723 829 791 883 tibia

187 918 189 927 ¹
293 907 398 973 Regina
415 907 523 972 longum
543 905 661 973 Calliope
679 905 769 972 melos,

325 982 380 1034 Seu
397 995 462 1032 voce
480 997 550 1033 nune
568 981 652 1032 mavis
670 983 756 1048 acuta,

309 1055 313 1064 ’
360 1055 415 1108 Seu
432 1054 531 1107 fidibus
548 1055 705 1122 citharaque
724 1053 833 1110 Phoebi.

293 1130 411 1197 Auditis,
428 1145 464 1183 an
482 1146 526 1182 me
543 1128 614 1182 ludit
631 1129 763 1192 amabilis,
814 1169 817 1174 .

293 1205 422 1260 Insanial
458 1204 563 1257 Audire
581 1208 611 1257 et
627 1204 721 1257 videor
738 1204 797 1272 pios

311 1281 425 1333 *Errare
441 1295 492 1348 per
509 1279 581 1332 lucos
600 1295 728 1332 amoenae
845 1277 852 1284 ’

361 1355 434 1417 Quos
452 1358 481 1408 et
498 1370 584 1420 aquae
603 1353 719 1406 subeunt
737 1355 765 1406 et
782 1369 871 1408 aurae.

292 1427 340 1484 Me
356 1429 493 1481 fabulosae
511 1428 629 1480 Vulture
646 1429 674 1480 in
692 1427 784 1496 Apulo
812 1465 817 1471 -

294 1504 405 1558 Altrieie
424 1507 501 1556 extra
518 1503 600 1554 limen
619 1503 734 1570 Apuliae

326 1579 404 1632 Ludo
421 1564 619 1662 scriptumque
638 1563 730 1630 somno

329 1649 338 1668 ''
361 1653 469 1706 Fronde
486 1655 555 1746 nepa
572 1669 686 1720 puerum
703 1651 845 1719 palumbes
940 1705 943 1712 ,

293 1728 406 1795 Texere,
424 1729 522 1780 mirum
540 1727 614 1794 quod
632 1727 702 1780 foret
720 1729 851 1794 omnibus,

297 1803 455 1870 Quicunque
473 1802 560 1854 celsae
577 1802 671 1854 nidum
690 1802 870 1858 Acherontiae

327 1877 472 1944 Saltusque
491 1877 622 1929 Bantinos
640 1879 669 1930 et
686 1893 780 1929 arvum
840 1873 853 1921 '-
980 1893 1001 1934 15

363 1952 466 2018 Pingue
483 1954 579 2004 tenent
595 1951 703 2004 humilis
722 1951 840 2020 Forenti,

258 2061 261 2068 -
294 2026 336 2079 Ut
352 2028 414 2078 tuto
431 2025 466 2078 ab
483 2026 550 2078 atris
568 2033 682 2093 eorpore'
696 2027 795 2093 viperis

293 2099 445 2153 Dormirem
465 2102 494 2152 et
511 2101 589 2166 ursis,
607 2104 639 2153 ut
656 2115 795 2167 premerer
812 2117 889 2156 saera

330 2175 473 2242 Lauroque
491 2175 643 2258 eqllataque
661 2178 756 2242 myrto,
848 2181 851 2194 '

308 2264 312 2274 ¹
361 2250 423 2302 Non
442 2250 499 2301 sine
514 2249 560 2301 *dis
577 2249 712 2302 animosus
730 2250 846 2303 infans·
981 2269 1004 2308 an

294 2323 402 2391 Vester,
421 2324 564 2390 Camenae,
582 2327 674 2376 vester
690 2325 718 2375 in
736 2325 835 2378 arduos

295 2397 384 2450 Tollor
403 2397 523 2465 Sabinos,
543 2414 591 2450 seu
609 2398 674 2450 mihi
692 2399 823 2465 frigidum
844 2463 850 2473 x

329 2473 477 2526 Praeneste
496 2489 544 2524 seu
562 2471 646 2524 Tibur
664 2474 790 2540 supinum

363 2548 416 2600 Seu
434 2547 553 2614 liquidae
570 2546 698 2614 placuere
715 2549 806 2602 Baiae.
843 2581 849 2586 -

294 2621 401 2674 Vestris
419 2622 535 2674 amicum
552 2621 671 2674 fontibus
690 2625 718 2675 et
735 2623 823 2676 choris

295 2697 357 2748 Non
375 2713 418 2749 me
438 2695 569 2762 Philippis
586 2711 665 2748 versa
682 2697 753 2750 acies
770 2701 853 2765 retro,

330 2770 436 2823 Devota
453 2786 506 2822 non
526 2770 656 2823 exstinxit
673 2770 761 2836 arbos,

364 2845 390 2896 N
393 2861 423 2897 ee
442 2844 531 2897 Sicula
550 2843 691 2897 Palinurus
709 2845 791 2898 unda.
843 2878 848 2882 -

295 2918 441 2986 Utcunque
459 2933 563 2969 meeum
581 2933 628 2969 vos
647 2920 730 2985 eritis,
748 2921 836 2976 libens

295 2992 479 3044 Insanientem
496 2991 587 3042 navita
606 2991 755 3057 Bosporum
845 3057 848 3064 Ι

331 3065 452 3116 Pontabo
471 3067 500 3116 et
517 3067 629 3114 urentes
647 3081 742 3119 arenas

365 3137 479 3190 Litteris
499 3135 604 3202 Assyrii
621 3137 723 3202 viator;
