2144 3420
83 199 129 250 150
354 187 505 238 Honnrn
522 180 654 234 FLACCI

82 277 130 333 Ad
147 273 250 330 caelum
267 269 391 324 menibus
409 267 523 321 sublatis
541 265 649 329 dixerit,
667 263 750 328 urge,-
830 263 833 268 '
921 271 926 280 ·

82 353 257 408 Crescentem
273 345 390 400 tumidis
406 342 471 396 infla
488 336 656 394 sermonibus
673 340 770 388 utrem.

83 429 153 482 Cum
170 431 199 479 tc
218 421 328 477 servitio
345 421 425 488 longo
442 433 560 485 curaque
577 413 681 479 levarit,
744 411 747 418 '

83 503 121 557 Et
137 504 242 556 certum
259 497 381 564 vigilans,
400 495 535 558 Qunnrsu
553 505 594 545 sm
611 501 708 542 rsnrrs
725 485 841 550 Utrum,
894 483 932 537 roo

84 577 221 644 Audieris,
239 588 343 626 nunus:
362 571 449 637 ‘Ergo
467 583 538 620 nunc
556 565 644 618 Dama
662 561 762 615 sodalis

84 651 226 720 Nusquam
238 651 299 702 estl
323 646 405 700 Unde
417 643 482 698 mihi
494 646 551 696 tam
563 640 662 692 fortem
673 641 785 704 tamque
794 633 903 689 fidelem
913 632 931 686 l’

85 729 188 797 Sparge
206 724 329 789 subinde,
348 723 384 790 et,
401 721 425 774 si
441 717 552 788 paulum
569 718 655 783 potes,
673 712 848 764 illacrimnre:
867 715 912 764 est

85 803 192 856 Gaudia
208 798 369 869 prodentem
387 795 493 849 vultum
510 791 606 846 celare.
643 788 802 856 Sepulcrum

86 877 252 931 Permissum
270 872 382 927 arbitrio
400 871 459 924 sine
477 867 602 921 sordibus
620 868 748 928 exstrue3
765 862 846 915 funus
899 873 935 913 los

86 953 203 1021 Egregie
218 950 321 1002 fectum
338 945 433 1000 laudet
450 943 555 998 ricinis
591 941 620 995 Si
639 941 700 1009 quis

86 1028 170 1082 Forte
187 1023 352 1080 coheredum
370 1021 461 1074 senior
477 1019 548 1072 male
565 1017 677 1082 tussiet,
690 1015 753 1068 huic
770 1016 802 1068 tu

86 1101 145 1166 Dic,
164 1117 198 1154 ex
215 1104 294 1168 parte
311 1101 360 1150 tua
377 1111 426 1148 seu
442 1094 521 1147 fundi
539 1093 596 1145 sive
606 1092 710 1144 ‘domus
729 1089 766 1143 sit
782 1105 785 1110 ·

86 1177 208 1244 emptor,
225 1173 389 1242 gaudentem
407 1185 518 1222 nunmo
535 1172 564 1220 te
582 1166 724 1222 addicere..
754 1164 810 1218 Sed
827 1181 871 1217 me

87 1251 239 1322 Imperiosa
257 1247 342 1314 trahit
361 1243 537 1313 Proserpine;
554 1241 614 1296 vive
632 1240 767 1310 valeque?
903 1251 937 1290 no

485 1385 537 1440 VI.

88 1476 151 1530 Hoc
168 1477 227 1530 eret
244 1473 272 1526 in
289 1471 374 1525 votis:
392 1468 489 1522 modus
506 1466 565 1534 egri
582 1481 637 1519 non
653 1465 694 1520 its
710 1481 833 1534 magnus,

88 1551 195 1604 Hortus
212 1549 260 1602 ubi
278 1551 307 1600 et
325 1548 399 1599 tecto
417 1543 520 1596 vicinus
533 1541 609 1608 jugis
626 1557 713 1608 aquae
730 1541 790 1594 fons
858 1551 861 1558 ·

88 1626 126 1680 Et
142 1625 252 1694 paulum
269 1623 352 1680 silvae
370 1635 452 1688 super
469 1618 511 1671 his
528 1617 607 1670 foret.
629 1616 758 1670 ¹Auctius
777 1619 861 1683 atque

87 1699 125 1753 Di
143 1700 242 1753 melius.
255 1697 351 1751 fecere.
388 1695 470 1762 Bene,
482 1695 531 1746 est.
566 1691 613 1746 Nil
631 1691 746 1758 emplius
763 1707 829 1754 oro,.

88 1775 163 1830 Maia
179 1779 251 1842 nate,
268 1773 320 1825 nisi
337 1774 370 1824 ut
387 1769 497 1838 propria
513 1767 581 1820 hoec
598 1767 665 1819 mihi
685 1781 799 1818 munera
814 1763 890 1816 faxis.
927 1779 940 1820 ε

89 1852 120 1905 Si
136 1855 231 1918 neque*-
244 1847 375 1914 majorem
394 1845 445 1898 feci
462 1844 567 1897 ratione
585 1841 656 1894 mala
674 1857 733 1894 rem

88 1925 116 1980 N
118 1942 148 1980 ec
165 1941 224 1987 sum
242 1923 362 1987 facturus
379 1921 447 1974 vitio
465 1918 576 1986 culpave
593 1917 739 1981 minorem;

89 2001 120 2057 si
137 2015 252 2054 veneror
264 1997 370 2051 stultus
387 1995 456 2049 nihil
473 1995 582 2046 horum:
602 1991 640 2044 ‘O
659 1993 682 2044 si
699 1991 813 2060 angulus
830 1991 878 2045 ille

90 2074 235 2129 Proximus
252 2072 365 2125 accedat
383 2071 430 2138 qui
448 2085 519 2122 nunc
539 2068 682 2121 denormat
700 2067 834 2134 agellum!
877 2084 883 2098 ·

91 2149 115 2203 O
134 2150 157 2202 si
173 2165 270 2202 urnam
287 2146 394 2214 argenti
411 2145 467 2198 fors
485 2159 555 2212 quse
572 2143 639 2195 mihi
656 2145 797 2209 monstret,
808 2145 842 2194 ut
858 2139 897 2192 illi
915 2155 940 2196 ιο

90 2225 234 2278 Thesauro
244 2224 354 2276 invento
372 2221 420 2288 qui
437 2218 620 2272 mercenarius
638 2233 733 2286 agrum

91 2299 173 2354 Illum
190 2299 278 2368 ipsum
296 2301 432 2350 mercatus
449 2294 543 2362 aravit,
562 2293 639 2346 dives
656 2293 743 2346 arnico

91 2375 211 2429 Hercule
222 2375 236 2428 l'
248 2375 271 2426 si
283 2372 358 2442 quod
368 2371 449 2424 adest
459 2373 568 2438 gratum
578 2368 666 2437 juvat,
679 2369 730 2422 hac
741 2383 822 2436 prece
835 2370 865 2421 te
876 2383 938 2422 oro:

91 2450 196 2518 Pingue
213 2466 295 2518 pecus
312 2447 422 2500 domino
438 2445 521 2498 fanins
539 2447 568 2497 et
585 2447 676 2497 cetera
692 2447 803 2512 praeter

59 2532 61 2534 ’
91 2526 241 2594 Ingenium,
254 2528 340 2591 utque
358 2521 428 2584 soles
446 2524 537 2574 custos
554 2519 620 2572 mihi
637 2519 770 2572 maximus
787 2516 868 2570 adsis.
916 2531 940 2570 1⁵

90 2600 164 2668 Ergo
181 2600 228 2654 ubi
245 2605 289 2652 ine
306 2598 335 2650 in
353 2599 459 2650 montes
476 2598 505 2648 et
521 2594 550 2646 in
568 2610 657 2646 arcem
674 2610 709 2646 ex
727 2593 796 2646 urbe
815 2591 925 2658 removi,

84 2675 164 2744 'Quid
181 2675 255 2743 prius
272 2673 408 2726 illustrem
425 2669 516 2724 satiris
534 2685 664 2736 musaque
681 2668 820 2736 pedestril
910 2699 915 2708 ·

89 2750 150 2808 Nec
166 2750 237 2802 mals
254 2765 298 2801 me
316 2746 428 2800 ambitio
445 2743 539 2813 perdit
555 2759 607 2796 nec
623 2743 766 2811 plumbeus
785 2743 889 2796 Auster

90 2829 316 2890 Auctumnusque
333 2821 431 2890 gravis,
450 2819 587 2874 Libitinae
605 2823 734 2886 quaestus
752 2817 877 2871 acerbae..

89 2900 328 2965 Matutinepater,
347 2913 396 2948 scu
413 2895 485 2947 Jane
502 2893 632 2946 libentius
649 2893 736 2960 audis,
886 2897 888 2900 ’
914 2902 938 2945 sn

88 2973 171 3026 Unde
189 2971 311 3023 homines
329 2986 441 3037 operum
457 2967 561 3036 primos
578 2968 704 3036 vitaeque
721 2967 829 3022 labores
889 2958 893 2964 ’

88 3045 251 3109 Instituunt,
270 3044 308 3096 sic
325 3044 367 3096 dis
385 3043 521 3111 placitum,
539 3044 571 3094 tu
588 3043 715 3095 carminis
732 3047 792 3096 esto

88 3117 264 3185 Principium.
300 3117 402 3170 Romae
420 3132 575 3184 sponsorem
594 3133 637 3170 me
659 3118 738 3186 rapis
774 3117 834 3187 Ejus,

104 3189 131 3241 'e
148 3192 223 3260 prior
242 3191 326 3242 officio
345 3191 488 3258 qnisquam
506 3191 678 3260 respondeat,
696 3207 771 3264 urge.
