2144 3420
138 147 183 197 ιιι
262 163 264 167 -
412 133 566 195 nonam
582 146 712 196 susem
742 163 745 170 ·
832 209 834 216 ,

136 225 237 280 Libera
252 241 304 295 per
320 241 433 280 vacuum
452 225 530 295 posui
548 227 664 294 vestigia
680 227 814 296 princeps,

135 299 196 354 Non
215 301 304 356 aliena
322 319 382 356 meo
399 301 487 370 pressi
504 302 585 371 pede.
620 302 674 366 Qui
686 300 743 356 sibi
762 303 824 356 fidit
869 373 871 376 Υ

135 375 199 430 Dux
216 377 289 445 regit
307 393 428 432 examen.
464 377 560 431 Parios
578 394 628 446 ego
646 377 749 448 primus
767 377 871 431 iambos
891 395 893 399 ·

134 449 251 506 Ostendi
270 450 357 522 Latio,
375 469 503 507 numeros
520 453 679 522 animosque
696 456 806 506 secutus
1063 505 1064 508 ,

135 527 298 596 Archilochi,
316 545 370 581 non
388 545 432 582 res
450 533 479 582 et
497 529 607 596 agentia
625 527 709 581 verba
727 526 887 596 Lycamben
962 544 990 586 as
1063 597 1064 604 ἵ

135 603 179 656 Ac
195 619 230 656 ne
247 619 291 656 me
308 602 380 656 foliis
397 603 460 656 ideo
477 603 647 656 brevioribus
665 617 746 656 crues

134 676 215 740 Quod
232 679 311 732 timui
328 696 375 732 mu
377 683 435 732 tare
453 677 548 732 modos
566 679 596 732 et
612 678 740 732 carminis
759 678 855 752 artem,

134 751 281 821 Temperat
299 754 455 808 Archilochi
473 754 582 807 Musam
599 753 671 822 pede
688 753 807 805 mascula
825 753 944 822 Sappho,

134 827 279 902 Temperat
298 829 424 897 Alcaeus,
443 829 493 882 sed
510 828 638 882 rebus
610 831 638 882 e
656 827 752 881 ordine
772 827 872 896 dispar,

134 901 160 955 N
162 919 193 957 ec
210 920 332 959 socerum
351 904 459 973 quaerit
477 919 558 972 quem
575 903 700 957 versibus
716 901 866 956 oblinatt
837 902 984 970 atrise

124 977 193 1032 ‘Neo
211 995 324 1048 sponsae
341 980 468 1048 laqueum
486 980 589 1033 famoso
606 979 725 1032 carmine
742 977 836 1032 nectit.

135 1053 217 1107 Hunc
235 1071 284 1122 ego
302 1071 355 1108 non
373 1055 426 1108 alio
444 1055 548 1108 dictum
564 1053 640 1122 prius
657 1069 705 1106 ore
725 1051 840 1106 Latinus

135 1127 251 1196 Vulgari
269 1129 384 1195 fidicen;
397 1129 478 1197 juvat
495 1131 683 1182 immemorata
700 1127 842 1181 ferentem-

135 1202 265 1270 Ingenuis
282 1205 420 1274 cedisque
437 1205 492 1272 legi
510 1205 689 1272 manibusque
706 1203 803 1256 teneri.
1063 1273 1064 1276 Ἴ

134 1277 209 1332 Scire
226 1279 294 1333 velis
310 1295 372 1333 mea
389 1295 438 1334 cur
454 1280 578 1347 ingratus
595 1278 724 1347 opuscula
739 1278 825 1332 lector
958 1291 983 1332 ιι

135 1353 242 1408 Laudet
259 1357 387 1424 ametque
404 1354 484 1417 domi,
499 1357 611 1423 'premat
629 1357 707 1406 extra
725 1353 809 1406 limen
826 1351 957 1422 iniquus?
1063 1349 1064 1368 ³

134 1428 197 1482 Non
214 1447 264 1498 ego
281 1434 410 1484 ventosae
427 1429 515 1498 plebis
533 1429 659 1496 suffragia
676 1442 761 1481 venor
828 1443 830 1450 ’
854 1447 855 1452 ’
1063 1443 1064 1458 ¹

135 1503 269 1573 Impensis
286 1509 430 1560 coenarum
448 1508 478 1559 et
495 1505 579 1558 tritae
596 1520 709 1556 munere
720 1503 827 1568 restim

134 1577 197 1632 Non
215 1597 265 1648 ego
282 1581 412 1634 nobilium
430 1580 591 1648 scriptorum
609 1579 718 1632 auditor
735 1581 764 1632 et
781 1579 855 1632 ultor
1063 1627 1064 1634 ,

135 1650 330 1706 Grammaticus
347 1653 451 1706 ambire
468 1653 558 1706 tribus
576 1657 605 1706 et
622 1653 729 1722 pulpita
747 1653 858 1720 dignor:
958 1667 984 1708 rc

136 1726 208 1780 Hinc
224 1727 286 1782 illae
304 1728 438 1783 lacrimae.
464 1729 490 1771 -‘⁴
498 1727 596 1796 Spissis
613 1727 725 1796 indigna
742 1728 860 1782 theatris
1063 1727 1064 1752 l

135 1801 242 1871 Scripta
258 1803 344 1871 pudet
362 1804 477 1857 recitare
495 1808 525 1856 et
541 1803 620 1871 nugis
639 1803 742 1857 addere
760 1801 890 1872 pondus,'’

134 1876 164 1930 Si
181 1877 251 1932 dixi:
270 1877 399 1942 “Rides’'
417 1879 464 1946 ait,
483 1879 497 1906 “
504 1882 534 1932 et
551 1879 570 1932 J
573 1879 630 1931 ovis
648 1878 760 1932 auribus
778 1878 833 1932 ista

134 1953 245 2018 Serras;
262 1952 325 2006 fidis
342 1953 413 2006 enim
431 1969 541 2008 manare
558 1953 665 2022 politica
681 1954 763 2008 mella
1063 1977 1064 1992 ι

134 2027 172 2080 Te
190 2028 282 2093 solum,
299 2028 350 2082 tibi
368 2028 502 2096 pulcher.'’
540 2029 587 2082 Ad
605 2029 672 2082 hacc
690 2043 741 2097 ego
759 2028 871 2082 naribus
889 2030 980 2091 uti-ss
1063 2033 1064 2094 l

134 2103 270 2168 Formido,
289 2106 318 2156 et
335 2103 464 2158 luctantis
481 2107 561 2158 acuto
578 2121 613 2157 ne
631 2120 708 2158 secer
724 2104 817 2171 ungui,
1063 2097 1064 2110 ¹

133 2178 290 2247 “Displicet
307 2178 360 2232 iste
377 2177 473 2247 locus,'’
492 2180 585 2246 clamo,
604 2179 648 2232 ‘et
666 2178 771 2232 diludia
788 2179 892 2246 posco?

133 2254 227 2308 Ludus
244 2253 316 2306 enim
333 2253 428 2322 genuit
445 2254 585 2320 trepidum
604 2257 746 2306 certamen
763 2258 793 2308 et
809 2255 887 2322 iram

133 2329 182 2384 Ira
198 2333 289 2384 truces
305 2328 461 2383 inimicitias
478 2333 508 2382 ct
524 2329 638 2382 funebre
655 2329 765 2384 bellum

132 2553 318 2608 Vnnromruu
336 2553 500 2621 Janumque,
518 2552 596 2620 liber,
614 2555 739 2640 spectare
756 2551 867 2620 videris,

131 2628 241 2682 Scilicet
258 2631 290 2682 ut
296 2631 412 2700 prostes
431 2627 567 2681 Sosiorum
585 2628 691 2696 pumice
709 2627 850 2680 mundus.

131 2703 222 2757 Odisti
239 2702 327 2756 claves
344 2705 374 2756 et
391 2706 470 2774 grata
487 2701 575 2769 sigilla
591 2701 705 2770 pudioo;

131 2777 229 2833 Paucis
246 2776 354 2830 ostendi
371 2777 459 2844 gemis
476 2780 505 2830 et
522 2776 673 2830 communia
691 2775 794 2844 laudas,

130 2850 158 2905 N
159 2867 194 2904 on
211 2852 251 2904 ita
268 2855 318 2904 nut
306 2847 395 2906 tritus.
430 2851 506 2919 Fuge
523 2867 576 2921 quo
594 2850 761 2904 descendere
778 2841 870 2918 gestis

130 2924 157 2976 N
159 2941 193 2977 ou
211 2925 265 2978 erit
282 2926 379 2978 emisso
396 2925 504 2979 reditus
521 2926 579 2980 tibi.
614 2925 713 2993 “Quid
730 2926 813 2980 miser
830 2927 910 2994 egil

131 2997 203 3060 Quid
220 2998 327 3052 voluii'
350 2999 425 3052 dices
441 3000 489 3052 ubi
506 3001 567 3068 quis
583 3003 613 3053 te
629 2999 755 3069 laeserit;
773 3005 802 3055 et
819 3002 873 3056 scis

131 3069 165 3122 In
183 3069 266 3121 breve
283 3075 313 3123 te
329 3073 389 3138 cogi
405 3089 467 3125 cum
484 3074 580 3142 plenus
597 3075 709 3143 languet
727 3077 839 3132 amator.

131 3142 233 3205 Quodsi
251 3139 305 3194 non
321 3145 385 3197 odie
401 3148 538 3214 peccantis
554 3149 657 3216 desipit
674 3167 768 3223 augur,
