2116 3424
388 137 590 186 CARMINUM
607 140 629 188 1.
647 144 671 200 ὅ,
689 143 712 190 6.
958 160 972 202 5

107 219 159 274 Et
177 215 276 271 domus
293 220 371 270 erilis
391 217 531 273 Plutonia:
550 235 604 288 quo
621 219 701 273 sinml
718 223 821 290 maaria

157 294 216 346 Nee
234 310 319 360 regna
337 293 391 345 viui
409 294 524 348 sortiere
541 293 605 348 talis
824 337 829 346 .

108 370 179 424 Nec
197 374 326 422 tenerum
344 369 464 436 Lycidan
481 370 622 437 mirabere,
641 385 695 437 quo
712 370 782 423 calet
794 369 925 433 juventus

152 445 240 498 Nune
257 445 345 509 ompis
362 448 393 498 et
409 459 476 498 mox·
490 446 607 514 virgines
625 443 764 513 tepebunt
949 465 973 500 m

532 571 559 624 V

228 662 298 727 Qurs
315 663 401 717 multa
418 663 525 732 gracilis
542 666 572 716 te
588 678 657 730 puer
673 661 701 714 in
719 679 780 718 rosa

228 739 358 792 Perfusus
376 740 487 808 liquidis
504 742 585 806 urget
603 737 729 791 odoribus

262 814 355 882 Grato,
374 815 485 883 Pyrrha,
503 813 554 866 sub
570 815 669 867 astrol

296 890 347 943 (lui
365 890 461 944 flavam
479 890 578 958 religas
595 905 699 943 comam

226 965 349 1033 Simplex
366 966 527 1018 munditiisl
564 965 628 1017 Heu
645 967 752 1032 quoties
769 967 849 1019 iidem
960 976 972 1016 t

225 1041 403 1110 Mutatosque
422 1041 488 1094 deos
506 1039 583 1092 flebit
601 1043 629 1094 et
646 1055 740 1103 aspera

260 1116 355 1184 Nigris
372 1133 491 1188 aequora
507 1116 595 1169 ventis

296 1193 464 1246 Emirab'itur
481 1191 597 1244 insolens

222 1266 280 1332 Qui
298 1285 369 1321 nunc
386 1272 422 1322 te-
432 1267 533 1321 fruitur
550 1266 677 1320 credulus
694 1282 791 1330 aureas

224 1342 280 1406 Qui
298 1359 405 1411 semper
422 1359 541 1409 vacuam,
560 1359 667 1410 semper
684 1341 825 1395 amabilem
948 1355 970 1394 m

259 1417 359 1486 Sperat
376 1419 481 1472 nescius
498 1434 581 1472 aurae

295 1492 415 1547 Fallaeis.
450 1493 544 1546 Miseri
562 1492 661 1562 quibus
696 1489 698 1492 ’

224 1568 368 1622 Intentata
384 1569 474 1622 nites!
512 1568 559 1622 Me
576 1567 670 1621 tabula
687 1582 760 1620 saeer

225 1643 327 1696 Votiva
342 1645 434 1711 paries
450 1642 554 1696 indicat
571 1643 653 1696 uvida
843 1645 846 1654 '

259 1717 438 1785 Suspendisse
454 1719 559 1787 potent'

294 1794 467 1848 Vestimenta
483 1795 565 1848 maris
583 1793 641 1847 deo.

518 1935 569 1990 VI.

222 2015 370 2071 Scarsasrs
388 2017 472 2071 Vario
490 2017 569 2072 fortis
587 2020 616 2071 et
633 2017 751 2074 hostium

220 2092 319 2146 Victor
337 2094 454 2148 Maeonii
472 2094 597 2147 carminis
615 2094 688 2160 alite,
821 2159 825 2168 ,

222 2167 310 2232 Quam
328 2185 386 2222 rem
403 2185 509 2238 cunque
526 2170 603 2223 ferox
620 2170 734 2224 navibus
751 2173 799 2223 aut
816 2173 891 2238 equis

190 2261 193 2268 ⁴
257 2243 339 2296 Miles
356 2247 386 2297 te
404 2244 473 2298 duce
490 2245 623 2312 gesserit:
671 2293 673 2299 .

220 2316 288 2384 Nos,
301 2319 432 2387 Agrippa,
444 2337 533 2389 neque
547 2320 614 2373 haee
631 2319 723 2373 dicere
741 2313 791 2374 nee
807 2335 918 2389 gravem
954 2335 966 2371 s

219 2393 334 2446 Pelidae
352 2395 520 2448 stomachum
537 2395 635 2449 cedere
652 2395 737 2449 nescii

218 2467 281 2524 Nec
297 2485 392 2522 cursus
409 2471 524 2539 duplicis
541 2487 592 2538 per
608 2488 683 2525 mare
701 2471 790 2528 Ulixei

247 2544 314 2598 ‘Nee
331 2561 438 2599 saevam
457 2547 563 2614 Pelopis
582 2547 692 2600 domum

217 2619 356 2674 Gonamur
373 2625 473 2675 tenues
487 2623 607 2689 grandia,
626 2623 692 2674 dum
709 2621 796 2690 pudor

174 2693 179 2702 '
217 2693 396 2765 Imbellisque
413 2697 487 2764 lyrae
505 2699 585 2750 Musa
602 2704 698 2765 potens
715 2699 790 2750 vetat
941 2709 964 2752 lt

216 2770 328 2824 Laudes
346 2773 449 2840 egregii
467 2773 590 2827 (laeseris
609 2778 638 2826 et
655 2779 717 2825 tuas

253 2846 340 2914 Culpa
357 2848 483 2902 deterere
500 2849 597 2915 ingeni.

216 2921 285 2986 Quis
303 2923 421 2976 Martem
438 2923 530 2976 tuniea
546 2927 649 2976 tectum
667 2920 841 2978 adamantina

215 2996 308 3062 Digne
325 2998 463 3066 scripserit
480 3001 527 3050 aut
543 2997 654 3063 pulvere
672 2995 765 3047 Troico
841 3049 844 3056 ,

215 3070 334 3136 Nigrum
353 3073 494 3124 Merionen
512 3075 560 3122 aut
577 3085 628 3134 ope
648 3067 763 3120 Palladis
939 3083 961 3123 rr

252 3145 374 3214 Tydiden
394 3145 497 3211 superis
514 3144 626 3209 pareml
