2144 3420
343 170 598 221 EPISTULARUM
614 173 693 222 ΙΙ..
892 173 936 226 Iar

83 247 280 319 Quaedam,
258 267 282 305 si
299 251 388 305 credis
405 251 518 306 consult·
498 255 541 318 trs,
559 252 694 320 mancipat
711 267 791 317 usus3

82 323 144 388 Qui
161 328 191 378 te
208 327 296 394 pascit
312 343 378 394 ager
394 329 519 379 tuust
477 330 526 392 est,
545 326 696 380 etvillicus
714 325 790 393 Orbi,
903 341 936 380 loo

82 399 160 451 Cum
178 403 286 466 segetes
303 405 380 454 occat
397 400 449 454 tibi
466 417 530 454 mox
546 401 685 455 frumenta
701 401 821 468 daturos,

82 473 128 525 Te
146 473 285 528 dominum
300 475 384 528 sentit
372 475 483 529 tDas
499 492 630 544 nummos,
647 475 745 543 accipis
762 493 850 542 uvam,

84 547 190 615 Pullos,
209 565 266 617 ova,
284 550 380 604 cadum
398 551 507 604 temeti:
525 567 624 618 nempe
641 551 721 603 modo
738 551 791 605 isto

85 622 227 677 Paulatim
244 626 373 682 mercaris
390 641 485 692 agrum
501 626 617 678 fortasse
634 626 764 679 trecentis
822 665 825 672 .

85 699 150 750 Aut
167 699 250 752 etiam
268 716 350 768 supra
367 717 537 753 nummorum
554 699 673 754 millibus
691 704 818 769 emptum.
858 737 861 744 ,
903 716 936 756 ui

85 772 163 836 Quid
180 773 266 828 refert
282 775 357 828 vivas
374 778 516 828 numerato
533 791 620 843 nuper
636 791 669 828 an
688 775 772 830 olimi
793 797 795 806 ·

89 848 205 916 llmptor
224 849 483 918 Aricini'quondam
502 850 626 903 Veientis
643 853 672 904 et
689 851 747 903 arvi
770 855 775 898 ἲ

87 923 220 991 Emptum
238 928 333 978 coenat
351 925 417 989 olus,
435 925 557 992 quamvis
574 925 623 978 alit
611 929 654 978 ter
671 928 766 994 putat3
784 927 882 995 emptis

86 997 147 1050 Sub
164 1002 272 1052 noctem
289 999 407 1066 gelidam
424 999 504 1066 lignis
521 1000 663 1052 calefactat
679 1005 792 1064 alinum

87 1071 146 1126 Sed
162 1077 241 1127 vocat
258 1087 343 1160 usque
362 1090 440 1127 suum
458 1091 512 1158 qua
528 1074 644 1159 populus
660 1073 750 1128 adsita
721 1077 826 1128 ttccr
826 1075 850 1128 is
902 1089 936 1129 lto

87 1146 235 1200 limitibus
252 1149 339 1202 vicina
356 1147 580 1215 refugitjurgia3
596 1149 735 1214 umquam
822 1191 824 1196 .
846 1167 849 1178 ·

86 1221 133 1275 Sit
149 1223 298 1290 proprium
306 1224 461 1292 quidquam,
478 1226 578 1310 puncto
596 1222 671 1290 quod
687 1222 793 1276 mobilis
811 1223 892 1277 herae

86 1296 170 1352 Nune
180 1314 269 1366 prece,
281 1315 351 1352 nunc
362 1299 457 1366 pretio,
470 1314 541 1351 nune
552 1298 587 1364 vi,
599 1315 671 1352 nune
682 1303 770 1354 morte
782 1316 907 1368 suprema

87 1372 234 1427 Permutat
251 1373 374 1426 dominos
391 1377 420 1426 ct
437 1373 518 1426 cedat
534 1373 562 1425 iu
580 1373 667 1427 altera
679 1374 762 1440 jnra·

86 1447 133 1502 Sic
150 1448 214 1517 quia
230 1453 379 1534 perpetuus
396 1448 464 1500 nulli
481 1447 573 1500 datur
580 1463 651 1514 rasus,
669 1451 698 1500 et
715 1448 796 1500 hcrcs
902 1465 934 1504 re

88 1522 229 1576 Heredem
247 1524 285 1577 alt
275 1523 358 1577 terius
376 1523 451 1576 velut
467 1522 541 1574 unda
558 1521 714 1590 supervenit
730 1521 839 1590 undam,

87 1597 160 1660 Quid
178 1598 230 1650 vici
246 1601 360 1684 prosunt
377 1601 425 1651 aut
442 1595 554 1650 horreat
572 1596 672 1665 quidve
691 1595 813 1650 Calabris

87 1669 208 1724 Saltibus
226 1672 317 1724 ad't
258 1672 327 1739 Jceti
345 1671 454 1739 Lucani,
472 1671 495 1724 si
512 1672 593 1724 metit
611 1670 716 1725 Orcus

87 1745 211 1798 Grandia
229 1762 290 1798 euin
307 1746 405 1814 parvis,
423 1762 476 1799 non
494 1745 639 1798 exorabilis
657 1747 754 1799 auro..

87 1820 223 1887 Genrmas,
241 1837 366 1888 marmor,
385 1821 460 1886 ebur,
479 1821 513 1888 Τ)
511 1820 675 1874 v‹rrrhena
634 1821 728 1888 sigilla,
747 1819 869 1888 tabellas,
901 1838 934 1876 rao

87 1894 251 1962 Argentum,
269 1899 358 1948 vestes
376 1895 491 1949 Gaetulo
509 1895 610 1949 murice
627 1896 734 1963 tinctas,

86 1969 158 2023 Sunt
175 1970 222 2038 qui
239 1986 293 2022 non
310 1970 435 2036 habeant,
453 1973 496 2024 est
514 1969 561 2040 qui
578 1987 633 2025 non
649 1975 727 2024 curat
744 1971 852 2026 habere.

86 2045 144 2097 Cur
161 2045 232 2098 alter
248 2046 365 2099 fratrum
383 2062 488 2100 cessare
506 2050 536 2100 et
553 2047 648 2100 ludere
666 2050 695 2100 et
713 2047 779 2114 uugi

87 2119 229 2174 Praeferat
248 2120 367 2173 Herodis
384 2120 509 2188 palmetis
526 2120 679 2190 pinguibus,
697 2121 768 2174 alter

85 2195 171 2248 Dives
189 2199 218 2249 et
236 2195 406 2263 importunus
423 2195 459 2248 ad
476 2195 600 2250 umbram
617 2197 685 2250 lucis
702 2196 738 2249 ab
756 2201 818 2251 ortu
902 2213 935 2251 rae

85 2269 245 2324 Silvestrcm
262 2270 377 2323 flammis
395 2272 424 2322 et
440 2271 513 2322 ferro
531 2271 639 2337 mitiget
657 2287 760 2337 agrum,

85 2344 144 2398 Scit
162 2344 273 2412 Genius,
291 2345 381 2400 natue
399 2360 489 2398 comes
506 2346 553 2413 qui
571 2348 707 2414 temperat
724 2349 835 2413 astrum,

85 2419 210 2472 Naturae
228 2419 296 2472 deus
313 2419 454 2486 humanae,
472 2419 595 2472 mortalis
612 2419 641 2470 iu
659 2434 742 2470 unum

85 2494 221 2562 Quodque
238 2497 328 2562 caput,
345 2493 423 2547 vultu
440 2494 585 2561 mutabilis,
604 2493 681 2547 albus
699 2496 728 2546 et
742 2493 812 2547 ater.

84 2569 157 2623 Utar
174 2573 257 2622 etex
273 2568 379 2622 modico
399 2572 531 2636 quantum
547 2585 592 2622 res
610 2571 705 2636 poscet
723 2585 819 2622 acervo
902 2585 935 2625 uo

85 2643 196 2711 Tollam,
214 2659 265 2696 nec
283 2647 402 2697 metuam
421 2643 488 2711 quid
505 2643 541 2696 de
558 2659 602 2696 mo
615 2641 724 2710 judicet
741 2643 828 2709 heres,
913 2672 918 2681 ·

85 2719 167 2784 Quod
184 2734 239 2772 non
255 2719 335 2788 plura
353 2717 425 2771 datis
442 2719 593 2783 invenerit3
612 2721 641 2771 ct
658 2721 751 2772 tamen
767 2719 840 2771 idem

84 2794 160 2848 Scire
177 2793 266 2846 volam
284 2796 416 2862 quantum
435 2792 549 2860 simplex
566 2792 714 2860 hilarisque
731 2793 824 2860 nepoti

84 2868 232 2936 Diserepet
249 2871 278 2922 et
296 2871 428 2936 quantum
446 2867 583 2920 discordet
601 2883 699 2934 parcus
717 2883 805 2920 avare.

84 2943 179 2997 Distat
188 2943 260 2996 enim
271 2958 382 3010 spargas
390 2945 439 2994 tua
448 2941 577 3008 prodigus
585 2957 619 2993 an
627 2957 716 3008 nequo
726 2945 865 3010 sumptum
900 2959 933 2998 rm

85 3018 194 3072 inritare
211 3017 294 3070 facias
312 3032 400 3085 neque
417 3016 496 3083 plura
512 3031 609 3083 parare
625 3014 739 3082 labores,

86 3097 128 3148 Ae
145 3091 246 3163 potius,
262 3108 332 3160 puer
348 3094 380 3144 ut
397 3090 474 3143 festis
493 3088 706 3160 Quinquatribus
723 3089 795 3158 olim,

85 3169 193 3236 llxiguo
210 3170 344 3235 gratoque
361 3164 460 3218 furaris
478 3166 601 3231 temporo
618 3163 725 3232 raptim.
