2126 3410
118 162 148 209 24
379 124 682 196 noenmrrueeer

215 228 308 296 Qualis
327 226 477 295 Lycambae
495 229 604 293 spretus
620 223 704 278 infido
721 240 804 292 gener
849 229 853 279 J
933 262 939 269 -

250 307 309 358 Aut
325 319 388 355 scer
405 302 490 354 hostis
509 299 620 368 Bupalo,

218 380 262 436 dn
282 378 304 430 si
323 377 384 446 quIs
402 381 463 429 etro
482 376 565 448 dente
585 391 630 430 me
647 373 777 444 petiverit

251 452 360 506 inultus
379 454 412 504 ut
429 450 500 504 flebo
519 451 607 520 pueri

218 675 286 744 Quo,
305 690 360 745 quo
378 673 486 730 scelesti
506 593 605 728 IIIis?
623 674 672 727 eut
690 687 739 725 eur
758 669 879 726 dexteris
922 647 936 671 ⁹

253 751 394 818 Aptsntur
413 765 491 803 enses
511 748 650 802 eonditii‘

114 879 117 890 ,
218 823 353 880 Parumne
371 823 473 892 osmpis
488 826 572 892 etque
590 822 617 877 N
619 825 721 891 eptuno
742 831 832 890 super¹

252 898 354 953 Fusum
372 901 414 952 est
432 897 524 952 Latini
544 896 690 965 sanguinis,

220 972 283 1029 Non
301 975 334 1027 ut
351 971 482 1042 superbas
499 972 607 1026 invidae
628 970 806 1039 Karthaginis

253 1045 390 1100 Romanus
408 1063 484 1101 eroes
502 1051 602 1116 ureret,

218 1120 342 1177 Inteetus
360 1124 409 1176 out
425 1121 574 1176 Britannus
591 1125 624 1176 ut
643 1119 823 1174 descenderet

138 1192 141 1198 “
251 1195 334 1250 Sacra
353 1199 493 1250 oetenetus
511 1197 563 1263 vie,

218 1269 275 1326 Sed
292 1274 326 1325 ut
344 1271 493 1324 seormdurn
511 1276 574 1325 vote
595 1270 757 1325 Parthorum
776 1283 824 1322 sua

253 1344 328 1399 Urbs
348 1345 415 1398 haee
432 1345 537 1414 periret
554 1345 689 1400 dextere?

217 1419 315 1488 Neque
333 1419 378 1473 hio
395 1419 467 1488 lupis
484 1436 543 1474 mos
563 1436 613 1475 nee
630 1419 684 1474 fuit
699 1417 823 1473 leonibus

253 1493 382 1562 Unquam
401 1495 455 1548 nisi
472 1493 502 1547 in
521 1494 704 1563 disperseris.

220 1567 344 1623 Furorne
361 1583 463 1635 oeeous,
482 1585 517 1623 en
535 1571 608 1638 rapit
625 1570 666 1624 vis
685 1569 780 1633 serior,

253 1643 299 1695 An
318 1643 415 1712 culpai
452 1643 622 1712 Responsum
643 1645 715 1706 dete.

219 1716 321 1771 Tacent
339 1717 368 1772 et
386 1717 464 1772 albus
483 1735 531 1772 ore
548 1719 634 1788 pnilor·
651 1719 738 1774 infioIt

256 1792 419 1861 Montesque
436 1795 577 1861 perculsae
597 1798 716 1863 stupent.

219 1865 264 1921 Sie
284 1869 343 1920 est:
363 1867 461 1922 acerbe
477 1868 535 1922 ieta
553 1868 690 1922 Romanos
707 1870 792 1936 egunt

254 1940 400 2009 Soelusque
417 1941 556 1996 fraternae
573 1943 655 2010 neeis,

220 2015 261 2069 Ut
277 2015 446 2070 immerentis
464 2017 544 2071 fluxit
561 2018 590 2071 iu
608 2021 711 2072 terrum
730 2014 809 2070 Remi
864 2021 868 2025 ’

253 2089 336 2143 Sacer
352 2090 496 2160 nepotibus
511 2107 598 2148 eruor.

501 2230 587 2285 VIII.

220 2312 337 2366 Roosnu
357 2311 439 2379 longo
455 2313 579 2380 putidam
597 2315 627 2367 te
646 2312 742 2382 seculo,

255 2387 334 2439 Vires
352 2386 420 2454 quid
438 2391 551 2440 enervet
568 2393 659 2444 meus!

219 2461 288 2516 Cum
308 2462 344 2515 sit
362 2461 413 2514 tibi
431 2462 498 2516 dens
517 2466 577 2516 ater
595 2467 624 2518 et
642 2463 716 2532 rugis
736 2466 816 2518 vetus

254 2537 383 2589 Frontem
402 2541 527 2591 senectus
545 2544 647 2606 exuret,

219 2610 342 2679 Hietque
361 2611 450 2680 turpis
467 2612 541 2667 inter
559 2615 650 2669 arides
668 2618 747 2669 nates

254 2686 349 2738 Podex
368 2687 444 2740 velut
463 2688 564 2743 crudae
582 2691 667 2745 bovis.

220 2759 276 2814 Sed
294 2760 391 2815 incitet
409 2778 454 2816 me
471 2768 567 2831 peetus
588 2769 617 2819 et
634 2779 768 2818 memmae
785 2765 888 2832 putres,

255 2835 362 2902 Equine
382 2837 476 2904 qunies
496 2839 589 2908 ubere,

221 2906 380 2977 venterque
398 2911 487 2963 mollis
505 2917 534 2964 et
552 2913 640 2965 femur
657 2913 826 2968 tumentibus

256 2982 335 3036 Exils
355 2984 425 3036 suris
444 2985 577 3038 additum.

223 3053 291 3106 listo
309 3054 397 3122 beate,
416 3057 497 3110 funus
516 3061 599 3126 etque
617 3060 751 3129 imegInes

258 3125 366 3180 Ducunt
382 3129 561 3198 triumphsies
578 3135 664 3204 tuum,
