2144 3420
9 59 15 242 l

352 128 606 178 EPISTULARUM
622 130 645 180 I.
665 132 690 180 3.
813 90 817 96 ·
897 133 944 180 lot

90 205 144 261 nst
161 207 282 260 animum
300 205 395 260 differs
412 207 526 262 curandi
542 211 651 277 tempus
668 208 698 261 in
716 195 835 262 annnml

88 279 242 336 Dimidium
259 281 325 335 facti
342 283 389 350 qui
407 283 497 351 coepit
513 282 611 348 habet;
629 299 725 350 sapere
742 284 828 350 arrde;
920 301 941 339 ro

89 356 195 424 Incipe.
231 356 285 421 Qui
302 360 378 410 recte
395 357 505 412 vivendi
522 361 650 426 prorogat
667 357 761 411 horam

9 465 10 472 κ
89 430 223 484 Rusticus
241 435 382 498 exspectat
399 431 466 486 dum
485 431 589 486 defluat
605 433 707 498 amnis;
725 437 755 486 at
771 433 817 486 ille

88 504 207 565 Labitur
223 509 253 559 et
269 505 380 560 labetur
397 506 427 560 in
444 523 525 560 omne
542 506 667 562 volubilis
684 523 787 561 aarum.

9 573 11 668 1
89 579 239 642 Quaeritur
256 584 401 648 argentum
418 582 565 650 puerisque
583 581 664 636 beata
680 581 806 636 creandis

9 671 11 726 l

90 652 178 720 Uxor,
197 659 226 708 et
243 655 363 709 incultae
380 659 513 724 pacantur
530 673 638 710 vomere
656 657 754 712 silvae:
919 669 945 706 ro

90 729 172 798 Quod
189 729 256 783 satis
274 733 317 784 est
332 731 377 790 cui
394 731 527 798 contingit
543 731 611 783 nihil
628 732 744 800 amplius
761 735 846 802 optet.

9 817 10 856 ἱ
90 804 155 858 Non
173 804 270 858 domus
287 809 318 859 et
334 805 441 874 fundus,
459 823 514 860 non
531 807 601 859 ueris
618 823 731 860 acervus
748 811 777 860 et
793 807 851 860 auri

9 909 10 912 =
89 883 215 946 Aegroto
234 879 338 933 domini
354 879 472 934 deduxit
491 897 604 949 corporo
621 881 719 949 febres,

90 953 155 1008 Non
172 955 262 1008 animo
279 972 365 1010 curas.
401 955 500 1009 Valeat
516 971 657 1024 possessor
673 959 782 1026 oportet

90 1029 121 1083 Si
139 1031 314 1098 comportatis
331 1029 412 1085 rebus
429 1031 500 1084 bene
517 1031 620 1098 cogitat
636 1031 685 1084 uti.
920 1045 942 1084 so

90 1104 147 1168 Qui
164 1106 240 1173 cupit
257 1109 306 1159 aut
323 1107 422 1160 metuit
435 1105 516 1174 juvat
532 1105 610 1158 illum
628 1105 668 1159 sic
685 1106 781 1160 domus
798 1109 829 1160 ct
845 1122 890 1162 res

90 1178 133 1232 Ut
150 1178 255 1248 lippum
273 1181 363 1249 pictae
380 1180 498 1248 tabulae,
515 1180 637 1234 fomenta
653 1181 809 1250 podagram,

91 1253 238 1308 Auriculas
255 1255 377 1310 citharae
394 1255 508 1310 collecta
525 1255 605 1309 sorde
623 1254 754 1311 dolentes.

91 1327 235 1382 Sincerum
253 1333 296 1383 est
314 1331 366 1384 nisi
382 1347 430 1384 ras
447 1330 629 1399 quodcunque
646 1330 767 1383 infundis
783 1331 889 1385 acescit.

90 1403 197 1472 Sperne
213 1405 375 1474 voluptates,
391 1411 472 1460 nocet
490 1409 583 1474 empta
600 1405 693 1458 dolore
712 1406 843 1472 voluptas.
920 1421 944 1458 es

91 1481 210 1548 Semper
227 1496 324 1534 avarus
341 1485 417 1548 eget:
433 1484 539 1534 certum
556 1483 619 1534 uoto
637 1483 702 1548 pete
719 1479 809 1536 finem.

91 1554 209 1608 luridus
225 1555 338 1608 alterius
357 1556 499 1610 macrescit
516 1555 598 1610 rebus
615 1554 726 1624 opimis3

90 1628 202 1682 Invidia
219 1629 303 1682 Siculi
320 1646 375 1684 non
393 1632 521 1684 invenero
538 1631 646 1698 tyranni

90 1701 187 1770 Majus
204 1706 379 1758 tormentum.
416 1706 470 1770 Qui
487 1722 541 1758 non
558 1703 746 1763 moderabitur
763 1705 821 1758 ime

90 1779 232 1832 Infectam
249 1779 324 1833 volet
341 1795 401 1834 esse
419 1780 496 1834 dolor
514 1780 588 1848 quod
605 1781 722 1834 suaserit
739 1783 769 1834 et
786 1795 871 1846 mens,
919 1797 942 1834 co

90 1853 168 1906 Dum
184 1869 287 1922 poenas
305 1853 368 1908 odio
385 1871 436 1923 per
452 1855 508 1908 rim
524 1855 638 1910 festinat
656 1855 749 1908 inulto.

90 1928 142 1981 Ira
158 1928 235 1982 furor
251 1928 344 1982 breuis
361 1932 417 1984 est:
435 1931 555 1984 animum
572 1945 645 1998 rege,
663 1929 710 1997 qui
727 1929 780 1983 nisi
796 1933 874 1998 peret

91 2003 235 2072 Imperat3
251 2003 324 2057 hunc
340 2003 432 2072 irenis,
450 2004 520 2060 hunc
537 2011 570 2058 tu
586 2019 727 2073 compesce
745 2009 847 2058 catena.

90 2077 188 2146 Fingit
205 2095 306 2147 equum
323 2081 421 2133 tenera
438 2079 553 2134 docilem
571 2080 675 2133 cervice
692 2079 822 2146 magister

90 2153 141 2206 Ire
162 2153 234 2206 viam
252 2171 307 2222 qua
324 2157 459 2208 monstret
477 2171 574 2223 eques;
592 2155 738 2220 venaticus,
757 2173 862 2223 exque
919 2165 942 2202 6⁵

90 2228 230 2297 Tempore
247 2229 382 2282 cervinam
400 2229 499 2297 pellem
516 2229 626 2283 latrant
643 2230 671 2282 in
688 2229 757 2296 aula,

89 2303 197 2358 Militat
211 2305 240 2356 in
258 2303 333 2357 silvis
350 2304 464 2357 catulus.
500 2304 526 2356 N
528 2320 580 2356 unc
596 2303 697 2357 adbibe
713 2321 783 2371 puro

90 2378 208 2431 Pectore
226 2378 410 2447 verbalium,
428 2395 500 2432 nunc
517 2381 546 2431 te
564 2378 719 2431 melioribus
737 2379 811 2432 offer.

89 2453 154 2516 Quo
172 2453 257 2507 semel
275 2457 320 2506 est
337 2454 444 2506 imbuta
461 2469 556 2508 recens
574 2453 693 2505 servabit
710 2452 821 2505 odorem
843 2517 849 2528 ·

89 2527 176 2581 Testa
193 2528 249 2582 diu.
285 2527 388 2592 Quodsi
405 2544 495 2582 cessas
512 2531 560 2580 aut
578 2531 704 2580 strenuus
721 2527 816 2593 anteis,
922 2541 944 2584 rr

88 2601 117 2656 N
119 2617 153 2655 ec
169 2602 281 2656 tardum
298 2603 425 2672 opperior
441 2618 492 2656 nec
508 2600 733 2670 praecedentibus
750 2601 829 2654 insto.

493 2741 550 2794 111.

87 2829 163 2883 Jun1
181 2828 270 2896 Flore,
289 2827 388 2896 quibus
405 2830 542 2882 terrarum
558 2827 659 2882 militet
676 2829 732 2882 oris

89 2901 225 2957 Claudius
244 2903 364 2970 Augusti
382 2903 522 2970 privignus
540 2902 609 2955 scire
626 2902 726 2957 laboro.

89 2977 235 3031 Thracane
252 2992 301 3030 vos
320 2975 486 3044 Hebrusque
504 2977 585 3029 nivali
603 2977 734 3044 compede
751 2977 864 3046 vinctus,

90 3055 142 3106 An
159 3052 232 3106 freta
249 3051 351 3104 vicinas
368 3051 442 3103 inter
459 3050 597 3103 currentia
614 3053 713 3116 turres,

89 3129 141 3181 An
157 3127 274 3195 pingues
292 3126 376 3178 Asiae
393 3125 482 3192 campi
499 3125 634 3191 collesque
651 3127 809 3180 moranturl
930 3139 948 3176 -s

150 3203 178 3247 14
