2116 3424
389 149 541 198 HORATII
559 149 689 197 FLAOOI

253 231 382 298 Virgines
398 232 508 297 nuptae,
526 232 574 282 tua
591 245 626 282 ne
643 227 783 283 retardet¹

288 307 366 360 Aura
382 305 501 360 mantes.

515 447 564 502 IX.

254 532 316 587 Nos
334 547 440 600 semper
457 529 559 584 imbres
575 529 694 584 nubibus
710 529 829 598 hispidos

254 606 368 662 Manaut
384 607 413 660 in
430 621 510 674 agros
527 607 575 659 aut
592 621 667 658 mare
685 605 812 672 Caspium

288 682 398 737 Vexent
415 680 570 750 inaequales
587 677 720 748 procellae

322 758 424 826 Usque,
441 773 491 810 nec
509 755 647 809 Armeniis
663 755 692 808 in
709 755 769 824 oris,

255 833 351 888 Amice
369 832 458 901 Valgi,
476 834 533 886 stat
549 831 649 899 glacies
666 830 739 884 iners

254 909 363 964 Menses
380 925 430 978 per
446 923 539 961 omnes
556 909 605 960 aut
623 904 804 976 Aquilonibus

289 983 423 1049 Queroeta
441 982 560 1050 Gargani
576 981 701 1035 laborant

323 1059 360 1113 Et
377 1059 448 1112 soliis
464 1057 612 1112 viduantur
629 1057 703 1111 omi:

136 1153 140 1160 ’
254 1133 296 1189 'lu
313 1150 420 1203 semper
436 1149 518 1201 urges
535 1131 671 1186 flebilibus
687 1129 774 1185 modis

254 1209 363 1279 Mysten
380 1209 546 1277 ademptum,
564 1224 614 1262 nec
630 1207 683 1262 tibi
702 1207 823 1276 Vespero

288 1285 424 1353 Surgente
441 1284 577 1338 decedunt
594 1299 699 1336 amores

316 1361 381 1415 ¹blec
398 1359 523 1428 rapidum
540 1358 661 1427 fugiente
679 1357 775 1412 Solem.

256 1436 296 1491 At
312 1452 366 1489 non
383 1439 428 1490 ter
444 1451 510 1488 aevo
527 1435 636 1488 iunctm
653 1433 795 1487 amabilem

255 1510 375 1566 Ploravit
392 1525 485 1564 omnes
503 1505 678 1562 Antilochum
696 1523 778 1561 senex

289 1587 391 1653 Annos,
407 1586 458 1639 n‘ec
474 1582 612 1651 impubem
629 1586 756 1651 parentes
822 1591 825 1598 '

322 1659 431 1713 Troilon
448 1662 497 1711 aut
515 1657 647 1725 Phrygiae
665 1672 769 1712 sorores

255 1734 368 1790 Flevere
385 1750 499 1802 semper.
534 1732 635 1786 Desine
651 1732 772 1786 mollium

254 1809 375 1864 'landem
392 1808 572 1878 querelarum,
590 1811 620 1861 et
636 1807 726 1876 potius
743 1823 812 1862 nova

289 1883 436 1938 Cantemus
453 1882 573 1950 Augusti
590 1889 702 1950 tropaea

323 1959 446 2014 (lassaris
463 1961 492 2012 et
508 1958 627 2026 rigidum
645 1957 792 2027 Niphaten,
943 1973 974 2013 aa

254 2033 421 2104 Medumque
437 2033 538 2087 flumen
554 2033 682 2101 gentibus
699 2031 827 2089 additum.

254 2109 342 2164 Victis
359 2109 476 2162 minores
493 2108 601 2163 volvere
618 2108 740 2175 vertices,

289 2185 421 2253 Intraque
437 2183 633 2252 praescriptum
651 2183 768 2238 Gelonos

322 2258 434 2327 Exiguis
451 2257 575 2326 equitare
591 2257 699 2326 campis

245 2483 471 2550 1'Rncr1usvives,
490 2481 583 2550 Ilicini,
600 2496 689 2550 neque
706 2479 792 2540 altum

254 2560 372 2629 Semper*
384 2558 507 2627 urgendo
523 2572 620 2625 neque,
638 2556 703 2609 dum
720 2553 850 2624 procellas

254 2635 359 2691 (lautus
374 2633 514 2701 horrescis,
531 2631 644 2685 nimium
661 2630 827 2700 premendo,

287 2709 366 2764 Litus
382 2709 513 2778 iniquum.
593 2761 595 2766 .

253 2787 375 2850 Auream
392 2783 515 2853 quisquis
532 2781 747 2836 mediocritatem
957 2798 975 2840 ε

253 2859 351 2928 Diligit
368 2863 445 2914 tutus
462 2861 537 2912 caret
554 2857 669 2910 obsoleti

253 2934 384 2988 sordibus
401 2933 475 3000 tecti,
492 2935 568 2986 caret
584 2930 730 2985 invidenda

288 3005 401 3060 Sobrius
418 3007 486 3059 aula

255 3078 368 3147 Saepius
385 3081 474 3132 ventis
491 3079 612 3146 agitatam
628 3079 724 3146 ingens

256 3151 341 3205 Pinus
357 3155 387 3204 et
405 3152 492 3205 celsae
509 3152 632 3218 graviore
648 3167 713 3206 casu
745 3209 748 3214 ,
947 3171 976 3215 ιο
1055 3215 1056 3218 ,
