2116 3424
349 113 553 164 CARMINUM
570 115 609 164 Π.
629 117 665 164 ll.
903 117 935 164 ts

219 190 359 246 Deeidunt
376 196 467 245 turres
483 191 641 261 feriuntque
659 209 778 248 summos

255 265 376 334 Fulgura
393 271 507 321 montes

219 339 320 409 Sperat
337 341 450 410 infestis,
467 341 567 396 metuit
585 342 711 397 secundis

218 416 346 470 Alteram
364 420 466 471 sortem
483 417 553 471 bene
570 422 763 486 praeparatum

218 490 327 545 Pectus.
363 492 498 546 Inlermes
515 493 619 546 hiemes
635 493 743 547 reducit
911 509 933 551 lt

254 566 390 635 luppiter,
411 567 484 620 idem

218 643 384 697 Summovet
418 643 480 696 Non
498 642 521 696 si
538 642 609 696 male
626 659 697 696 nunc
715 646 744 697 et
761 643 825 698 olim

218 717 266 772 Sia
284 717 352 772 erit:
371 717 507 786 quondam
524 718 628 772 eithara
644 723 781 771 tacentem

217 792 340 848 Suscitat
356 809 469 860 musam,
486 809 576 862 neque
594 809 702 860 semper
719 809 811 846 areum

254 867 354 922 Tendit
372 868 479 936 Apollo.
907 881 932 920 aa

218 942 313 997 Rebus
330 943 453 1010 angustis
471 943 606 996 animosus
624 945 707 1012 atque

218 1018 312 1072 Fortis
330 1035 449 1087 appare;
467 1018 604 1086 sapienter
621 1017 695 1071 idem

218 1093 370 1148 Contrahes
387 1096 470 1147 vente
486 1093 599 1146 nimium
617 1092 734 1148 secundo

253 1167 373 1236 Turgida
389 1169 457 1223 vela

217 1392 294 1457 Qum
310 1391 451 1446 bellicosus
469 1389 607 1446 Cantaber
624 1395 653 1446 et
671 1391 792 1462 Scythes,

217 1467 336 1536 Hirpine
353 1467 455 1534 Quinti,
471 1468 576 1534 rogitet
594 1467 701 1521 Hadria

253 1543 363 1596 Divisus
380 1541 488 1609 objecto
505 1539 633 1594 remittas

288 1617 433 1684 Quaerere,
451 1633 501 1670 nee
518 1617 640 1686 trepides
657 1617 687 1670 in
704 1633 783 1670 usum
826 1679 830 1690 ¹

218 1693 360 1748 Poscentis
377 1692 436 1746 aevi
454 1709 547 1760 pauca.
582 1691 666 1760 Fugit
683 1696 757 1745 retro
920 1706 934 1748 t

101 1781 107 1788 “
219 1769 301 1823 Levis
314 1767 443 1837 juventas
461 1772 490 1822 et
508 1768 596 1836 decor,
614 1767 691 1820 arida

255 1845 377 1898 Pellente
395 1843 507 1898 lascivos
525 1860 630 1896 amores

289 1919 395 1972 (lanitie
412 1918 573 1986 facilemque
591 1933 722 1984 somnum.

218 1993 283 2049 Non
300 2009 406 2062 semper
422 1993 496 2046 idem
514 1993 625 2046 floribus
641 1997 684 2048 est
700 1993 785 2047 honor
836 2037 840 2046 .

219 2069 320 2124 Vernis
336 2085 426 2138 neque
442 2085 496 2122 uno
514 2069 592 2122 Luna
608 2067 710 2121 rubens
727 2069 797 2124 nitet
909 2084 930 2123 ιο

255 2145 358 2198 Vultu:
376 2143 443 2214 quid
460 2144 580 2197 aeternis
598 2144 730 2196 minorem

290 2219 416 2274 Consiliis
432 2220 552 2272 animum
569 2219 689 2286 latigasl

219 2295 277 2351 cur
292 2293 347 2349 non
364 2293 487 2349 subala
504 2294 547 2348 vel
565 2293 674 2362 platano
691 2294 734 2348 vel
752 2295 803 2350 hae
919 2326 927 2346 .

220 2371 292 2425 Pinu
303 2370 429 2438 jacentes
447 2370 485 2424 sie
502 2373 607 2423 temere
624 2372 655 2423 et
672 2385 733 2423 rosa

255 2446 343 2501 (lanes
359 2445 466 2498 odorati
484 2445 601 2512 capillos,
806 2465 826 2514 3¹
909 2461 930 2498 re

288 2521 362 2574 Dum
379 2520 450 2588 lieet,
469 2521 635 2590 Assyriaque
652 2520 739 2574 nardo

220 2595 350 2652 Petamus
367 2595 461 2650 unetil
497 2595 619 2664 Dissipat
636 2596 721 2648 lluius

220 2671 305 2728 eura
322 2671 426 2726 edaees
461 2671 528 2736 Quis
545 2688 613 2740 puer
630 2671 705 2724 ocius

255 2747 421 2815 Restinguet
438 2747 559 2800 ardentis
578 2747 687 2800 Falerni

287 2823 387 2876 Pocula
404 2825 595 2891 praetereunte
613 2820 741 2890 lymphal
903 2834 929 2875 n

218 2897 286 2963 Quis
303 2898 412 2952 derium
430 2903 548 2950 scortum
567 2895 657 2948 eliciet
674 2895 756 2948 dome

220 2973 335 3042 Lyden?
370 2971 481 3025 Ebur-na
498 2971 542 3023 die
559 2986 610 3036 age
627 2985 688 3022 cum
706 2969 762 3037 lyra

255 3047 379 3101 Maturet
396 3047 425 3098 in
443 3048 581 3110 comptum
602 3043 739 3094 lacaenae

287 3122 366 3174 More
384 3133 474 3172 comae
491 3115 606 3180 religata
623 3113 732 3166 nodum.
