2144 3420
332 143 588 194 EPISTOLARUM
604 146 627 194 Ι,
648 147 686 196 16.
884 142 931 196 177

78 297 126 351 Nn
145 297 297 368 perconter'
283 315 313 351 rs
330 297 431 354 fundus
448 231 546 366 ιιιΧιιῩιξ
552 301 654 369 optime
672 299 774 368 Quinti,

79 375 158 426 Arvo
175 377 269 442 pascet
286 373 383 428 herum
401 391 436 429 sn
453 375 543 430 baccis
560 377 701 445 opulentet
718 375 811 444 olivae,

81 447 210 502 Pomisne
228 453 257 502 et
274 451 361 517 pratis
378 467 414 504 an
431 451 530 506 amicte
547 451 648 505 vitibus
665 451 746 517 ulmo,

81 521 224 577 Scribetur
241 524 293 578 tibi
311 526 400 580 forme
416 526 566 594 loquaciter
583 529 613 580 et
631 526 700 579 situs
718 525 784 592 egri.

81 598 210 667 Continui
203 603 334 669 montes
351 601 380 654 ιιι
398 600 578 660 dissocientur
595 617 679 669 opace
918 612 932 654 e

79 673 170 740 Valle,
189 673 240 728 sed
256 679 289 728 ut
306 675 418 730 veniens
436 675 564 730 dextrum
582 676 655 729 letus
672 675 805 744 adspiciat
822 673 876 740 Sol,

81 747 205 801 Irsevum
223 748 366 803 discedens
383 767 465 804 curru
481 751 604 818 fugiente
621 755 741 818 vaporet.

82 821 254 891 Temperiem
271 824 373 878 laudes.
409 825 489 893 Quid,
508 825 530 878 si
547 825 699 879 rubicunde
717 823 827 892 benigni

83 897 174 950 Corne
192 915 289 967 vepres
306 903 336 953 et
353 917 440 968 pruna
456 901 554 968 ferent,
572 901 595 952 si
613 917 729 969 quercus
746 903 775 954 et
792 899 847 952 ilex

82 971 157 1025 Mul
145 975 175 1025 ι
192 973 271 1042 fruge
288 991 372 1042 pecus
389 975 475 1030 multe
492 975 631 1029 dominum
645 975 726 1043 juvet
743 968 879 1042 umbre,
910 986 932 1025 ιο

83 1046 168 1100 Dices
187 1048 337 1102 adductum
354 1050 465 1118 propius
482 1050 610 1104 frondere
628 1051 728 1103 Terent
716 1054 783 1103 tum.

84 1120 159 1175 Fons
177 1115 260 1177 etiem
277 1124 336 1177 rivo
353 1123 419 1178 dare
436 1141 535 1178 nomen
552 1125 672 1191 idoneus,
691 1129 722 1178 ut
739 1140 790 1177 nee

85 1195 224 1264 brigium
241 1197 373 1252 Thracam
390 1215 440 1254 nec
456 1200 550 1268 purior
566 1199 669 1254 ambiat
687 1198 807 1267 Hebrus,

86 1272 200 1327 infirmo
218 1267 301 1344 capiti
319 1275 415 1328 fluitu
416 1275 480 1342 tilis,
496 1275 572 1328 utilis
589 1275 657 1329 alvo.

87 1348 150 1402 Hae
166 1349 288 1403 latebrae
307 1350 407 1414 dulces,
426 1351 509 1404 etiam
527 1351 549 1403 si
567 1349 657 1404 credis
674 1365 809 1416 amoenae,
909 1361 931 1402 rs

103 1425 255 1478 ncolumem
272 1424 324 1478 tibi
342 1442 386 1478 me
404 1429 544 1492 praestant
562 1424 770 1493 Septembribus
786 1423 867 1476 horis.

86 1499 129 1553 Tu
145 1504 220 1554 recte
236 1500 305 1552 vivis
322 1499 345 1552 si
362 1517 440 1552 curos
458 1517 518 1554 esse
536 1500 610 1568 quod
626 1499 733 1583 audis.)

86 1573 228 1628 lactemus
242 1573 408 1642 jampridem
426 1575 512 1628 omnis
528 1579 558 1628 te
577 1575 664 1628 Rome
680 1574 805 1637 beetum3

87 1650 143 1702 Sed
160 1665 257 1703 vereor
273 1666 308 1702 ne
326 1649 370 1702 oui
388 1649 424 1702 de
440 1655 470 1704 te
487 1650 549 1718 plus
566 1665 648 1718 quem
666 1649 717 1703 tibi
735 1649 838 1715 credes,

11 1709 12 1772 ἶ
87 1723 164 1778 Neve
180 1727 263 1794 putes
279 1724 363 1777 elium
381 1724 502 1792 sapiente
519 1724 646 1794 bonoque
662 1723 782 1791 beatum,
903 1745 928 1785 ss

11 1801 12 1818 ¹
88 1797 150 1852 Neu
168 1800 190 1852 si
208 1804 238 1854 te
256 1799 372 1867 populus
390 1815 485 1852 sanum
503 1803 633 1868 recteque
649 1797 784 1853 veientem
847 1813 851 1822 ·

88 1873 203 1928 Dictitet
221 1873 354 1927 occultem
371 1873 476 1926 febrem
493 1873 545 1927 sub
561 1877 671 1942 tempus
688 1873 788 1926 edendi

11 2005 12 2020 2
88 1948 256 2014 Dissimules,
275 1948 361 2020 donec
378 1948 503 2002 menibus
519 1951 622 2003 tremor
639 1949 742 2002 incidat
759 1948 855 2002 unctis.

11 2025 12 2096 j
88 2025 239 2078 Stultorum
256 2025 380 2080 incurata
396 2024 486 2093 pudor
502 2025 590 2080 melus
606 2025 700 2079 ulcere¹
714 2023 791 2079 celet.

88 2099 117 2152 ei
135 2100 196 2166 quie
213 2099 287 2153 bella
303 2099 354 2153 tibi
371 2103 447 2154 terre
462 2104 584 2168 pugnata
600 2101 723 2168 merique
910 2110 934 2150 st

11 2183 12 2186 ’
88 2171 169 2227 Dicat
187 2174 276 2228 ethis
293 2174 384 2228 verbis
401 2191 499 2230 vacuas
515 2175 683 2242 permulceat
700 2190 792 2228 orares:

88 2249 180 2302 “Tene
192 2242 284 2336 'magis
302 2247 405 2304 salvum
422 2250 538 2336 populus
555 2250 623 2304 velit
640 2267 675 2302 an
691 2249 821 2317 populum
839 2251 871 2302 tu

11 2309 12 2368 ι
88 2324 210 2378 Servet'
202 2341 231 2376 111
248 2324 374 2392 unibiguo
391 2325 439 2392 qui
457 2325 572 2378 consulit
589 2328 618 2377 et
635 2324 686 2376 tibi
704 2328 733 2376 et
749 2323 811 2375 urbi

11 2439 19 2448 ι
87 2398 251 2470 luppiter3’.
272 2399 392 2487 Augusti
410 2399 505 2452 laudes
523 2415 670 2466 agnoscere
687 2397 787 2466 possis:

11 2489 12 2492 ’
88 2475 157 2529 Cum
174 2467 278 2544 pateris
296 2475 404 2542 sapiens
422 2473 636 2542 emendatusque
651 2473 750 2540 vocari,

88 2550 312 2619 ltcspondesnet
312 2566 347 2601 uo
300 2548 409 2602 tdio
427 2549 519 2604 sodes:
523 2550 662 2602 nominet
683 2548 790 2617 Nempe

86 2625 139 2680 Vir
156 2624 244 2678 bonus
263 2627 293 2678 et
310 2623 430 2694 prudeus
448 2623 506 2678 dici
521 2623 695 2678 delectere
660 2640 711 2690 ego
729 2641 760 2678 ac
777 2628 816 2677 tu.

86 2699 140 2762 Qui
159 2700 238 2754 dedit
255 2699 306 2752 hoo
324 2698 406 2752 hodie
424 2715 485 2754 cras
502 2699 525 2752 si
542 2699 616 2752 volet
633 2700 747 2765 arderet,
764 2701 796 2751 ut
813 2697 836 2750 si

85 2767 226 2830 lletulo'rit
243 2775 332 2828 fasces
348 2773 460 2841 indigno
478 2773 606 2828 detrahet
622 2773 704 2828 idem.
816 2827 822 2837 ,

86 2850 101 2876 “
108 2849 190 2919 Pone,
207 2866 299 2902 meum
317 2848 392 2903 est:''
409 2849 506 2916 inquit.
542 2849 617 2902 Pono
634 2849 776 2916 tristisque
794 2845 899 2900 recedo.
910 2863 935 2902 ιι

87 2924 169 2978 Idem
187 2924 209 2978 si
227 2924 326 2978 clamet
343 2924 439 2990 furem,
456 2926 540 2991 neget
557 2939 617 2976 esse
633 2923 770 2991 pudicum,

88 2999 243 3053 Contendst
260 2999 358 3066 laqueo
376 2999 474 3052 oollnm
490 2997 622 3067 pressisse
639 3002 796 3066 petemun13

87 3075 217 3128 Mordeer
234 3074 386 3142 opprobriis
404 3073 479 3126 falsis
496 3076 655 3138 mutemque
672 3071 790 3126 coloresl

89 3149 185 3204 Falsus
202 3150 288 3205 honor
302 3148 382 3214 juvat
400 3151 429 3198 et
446 3145 564 3198 mendox
582 3145 692 3198 iufamia
710 3150 797 3200 terret
915 3164 936 3202 ss
