<?xml version="1.0" encoding="UTF-8"?>
<!DOCTYPE html PUBLIC "-//W3C//DTD XHTML 1.0 Transitional//EN"
    "http://www.w3.org/TR/xhtml1/DTD/xhtml1-transitional.dtd">
<html xmlns="http://www.w3.org/1999/xhtml" xml:lang="en" lang="en">
 <head>
  <title>
</title>
<meta http-equiv="Content-Type" content="text/html;charset=utf-8" />
  <meta name='ocr-system' content='tesseract 3.04.00' />
  <meta name='ocr-capabilities' content='ocr_page ocr_carea ocr_par ocr_line ocrx_word'/>
</head>
<body>
  <div class='ocr_page' id='page_1' title='image "./quintihoratiifl00maclgoog_0136.png"; bbox 0 0 2126 3410; ppageno 0'>
   <div class='ocr_carea' id='block_1_1' title="bbox 149 163 726 221">
    <p class='ocr_par' dir='ltr' id='par_1_1' title="bbox 149 163 726 221">
     <span class='ocr_line' id='line_1_1' title="bbox 149 163 726 221; baseline -0.009 0"><span class='ocrx_word' id='word_1_1' title='bbox 149 163 194 221; x_wconf 72' lang='lat' dir='ltr'>lul</span> <span class='ocrx_word' id='word_1_2' title='bbox 427 167 580 218; x_wconf 82' lang='lat' dir='ltr'><strong>HORATII</strong></span> <span class='ocrx_word' id='word_1_3' title='bbox 598 166 726 217; x_wconf 85' lang='lat' dir='ltr'>FLAOCI</span> 
     </span>
    </p>
   </div>
   <div class='ocr_carea' id='block_1_2' title="bbox 143 239 1054 690">
    <p class='ocr_par' dir='ltr' id='par_1_2' title="bbox 144 239 921 315">
     <span class='ocr_line' id='line_1_2' title="bbox 144 239 921 315; baseline 0.01 -20"><span class='ocrx_word' id='word_1_4' title='bbox 144 243 255 297; x_wconf 79' lang='lat' dir='ltr'>Persius</span> <span class='ocrx_word' id='word_1_5' title='bbox 271 242 316 298; x_wconf 86' lang='lat' dir='ltr'>hic</span> <span class='ocrx_word' id='word_1_6' title='bbox 334 261 482 314; x_wconf 81' lang='lat' dir='ltr'>permagna</span> <span class='ocrx_word' id='word_1_7' title='bbox 499 249 608 315; x_wconf 87' lang='lat' dir='ltr'>negotia</span> <span class='ocrx_word' id='word_1_8' title='bbox 625 247 703 301; x_wconf 86' lang='lat' dir='ltr'>dives</span> <span class='ocrx_word' id='word_1_9' title='bbox 720 245 841 302; x_wconf 86' lang='lat' dir='ltr'>habebat</span> <span class='ocrx_word' id='word_1_10' title='bbox 918 239 921 246; x_wconf 53' lang='lat'><strong>¹</strong></span> 
     </span>
    </p>

    <p class='ocr_par' dir='ltr' id='par_1_3' title="bbox 143 315 1054 714">
     <span class='ocr_line' id='line_1_3' title="bbox 143 315 1054 388; baseline 0.002 -16"><span class='ocrx_word' id='word_1_11' title='bbox 143 318 319 387; x_wconf 82' lang='lat' dir='ltr'><strong>Clazomenis,</strong></span> <span class='ocrx_word' id='word_1_12' title='bbox 337 320 421 374; x_wconf 89' lang='lat' dir='ltr'>etiam</span> <span class='ocrx_word' id='word_1_13' title='bbox 439 319 502 374; x_wconf 87' lang='lat' dir='ltr'>lites</span> <span class='ocrx_word' id='word_1_14' title='bbox 520 337 582 374; x_wconf 90' lang='lat' dir='ltr'>cum</span> <span class='ocrx_word' id='word_1_15' title='bbox 601 315 678 388; x_wconf 82' lang='lat' dir='ltr'>Rege</span> <span class='ocrx_word' id='word_1_16' title='bbox 695 321 829 386; x_wconf 75' lang='lat' dir='ltr'>molestas</span> <span class='ocrx_word' id='word_1_17' title='bbox 1053 367 1054 374; x_wconf 74' lang='grc'>,</span> 
     </span>
     <span class='ocr_line' id='line_1_4' title="bbox 143 385 1054 464; baseline 0.003 -19"><span class='ocrx_word' id='word_1_18' title='bbox 143 393 237 446; x_wconf 82' lang='lat' dir='ltr'>Durus</span> <span class='ocrx_word' id='word_1_19' title='bbox 255 393 335 447; x_wconf 93' lang='lat' dir='ltr'>homo</span> <span class='ocrx_word' id='word_1_20' title='bbox 353 397 437 462; x_wconf 89' lang='lat' dir='ltr'>atque</span> <span class='ocrx_word' id='word_1_21' title='bbox 456 395 518 449; x_wconf 90' lang='lat' dir='ltr'>odio</span> <span class='ocrx_word' id='word_1_22' title='bbox 537 397 584 464; x_wconf 92' lang='lat' dir='ltr'>qui</span> <span class='ocrx_word' id='word_1_23' title='bbox 602 400 695 464; x_wconf 86' lang='lat' dir='ltr'>posset</span> <span class='ocrx_word' id='word_1_24' title='bbox 712 397 819 448; x_wconf 79' lang='lat' dir='ltr'>vincere</span> <span class='ocrx_word' id='word_1_25' title='bbox 838 395 953 464; x_wconf 80' lang='lat' dir='ltr'><strong>Regem,</strong></span> <span class='ocrx_word' id='word_1_26' title='bbox 1053 385 1054 430; x_wconf 60' lang='lat' dir='ltr'>l</span> 
     </span>
     <span class='ocr_line' id='line_1_5' title="bbox 144 467 1054 539; baseline 0 -17"><span class='ocrx_word' id='word_1_27' title='bbox 144 467 291 522; x_wconf 79' lang='lat' dir='ltr'>Confidam</span> <span class='ocrx_word' id='word_1_28' title='bbox 309 471 492 539; x_wconf 84' lang='lat' dir='ltr'>tumidusque,</span> <span class='ocrx_word' id='word_1_29' title='bbox 511 471 580 524; x_wconf 91' lang='lat' dir='ltr'>adeo</span> <span class='ocrx_word' id='word_1_30' title='bbox 599 471 729 524; x_wconf 88' lang='lat' dir='ltr'>sermonis</span> <span class='ocrx_word' id='word_1_31' title='bbox 747 470 832 522; x_wconf 88' lang='lat' dir='ltr'>amari</span> <span class='ocrx_word' id='word_1_32' title='bbox 1053 475 1054 478; x_wconf 78' lang='grc'>’</span> 
     </span>
     <span class='ocr_line' id='line_1_6' title="bbox 144 542 1054 616; baseline 0.001 -19"><span class='ocrx_word' id='word_1_33' title='bbox 144 542 272 598; x_wconf 77' lang='lat' dir='ltr'><strong>Sisennae</strong></span> <span class='ocrx_word' id='word_1_34' title='bbox 292 545 392 598; x_wconf 87' lang='lat' dir='ltr'>Barros</span> <span class='ocrx_word' id='word_1_35' title='bbox 411 550 442 599; x_wconf 92' lang='lat' dir='ltr'>ut</span> <span class='ocrx_word' id='word_1_36' title='bbox 460 547 536 614; x_wconf 89' lang='lat' dir='ltr'>equis</span> <span class='ocrx_word' id='word_1_37' title='bbox 554 550 743 616; x_wconf 83' lang='lat' dir='ltr'>praecurreret</span> <span class='ocrx_word' id='word_1_38' title='bbox 761 545 836 599; x_wconf 90' lang='lat' dir='ltr'>albis.</span> <span class='ocrx_word' id='word_1_39' title='bbox 1053 587 1054 612; x_wconf 32' lang='lat' dir='ltr'>p</span> 
     </span>
     <span class='ocr_line' id='line_1_7' title="bbox 145 618 953 690; baseline 0.002 -18"><span class='ocrx_word' id='word_1_40' title='bbox 145 618 193 672; x_wconf 90' lang='lat' dir='ltr'>Ad</span> <span class='ocrx_word' id='word_1_41' title='bbox 213 619 318 687; x_wconf 75' lang='lat' dir='ltr'>Regem</span> <span class='ocrx_word' id='word_1_42' title='bbox 336 620 427 674; x_wconf 89' lang='lat' dir='ltr'>redeo.</span> <span class='ocrx_word' id='word_1_43' title='bbox 463 621 611 690; x_wconf 88' lang='lat' dir='ltr'>Postquam</span> <span class='ocrx_word' id='word_1_44' title='bbox 629 622 696 674; x_wconf 85' lang='lat' dir='ltr'>nihil</span> <span class='ocrx_word' id='word_1_45' title='bbox 714 622 786 674; x_wconf 89' lang='lat' dir='ltr'>inter</span> <span class='ocrx_word' id='word_1_46' title='bbox 803 625 953 688; x_wconf 88' lang='lat' dir='ltr'>utrumque</span> 
     </span>
    </p>
   </div>
   <div class='ocr_carea' id='block_1_3' title="bbox 124 695 1054 2643">
    <p class='ocr_par' dir='ltr' id='par_1_4' title="bbox 144 695 1054 1066">
     <span class='ocr_line' id='line_1_8' title="bbox 145 695 1054 764; baseline 0.004 -16"><span class='ocrx_word' id='word_1_47' title='bbox 145 695 285 762; x_wconf 73' lang='lat' dir='ltr'>Convenit,</span> <span class='ocrx_word' id='word_1_48' title='bbox 303 695 362 762; x_wconf 84' lang='lat' dir='ltr'>(hoc</span> <span class='ocrx_word' id='word_1_49' title='bbox 381 697 482 750; x_wconf 77' lang='lat' dir='ltr'>etenim</span> <span class='ocrx_word' id='word_1_50' title='bbox 501 703 564 750; x_wconf 86' lang='lat' dir='ltr'>sunt</span> <span class='ocrx_word' id='word_1_51' title='bbox 585 713 679 750; x_wconf 91' lang='lat' dir='ltr'>omnes</span> <span class='ocrx_word' id='word_1_52' title='bbox 692 696 756 764; x_wconf 90' lang='lat' dir='ltr'>jure</span> <span class='ocrx_word' id='word_1_53' title='bbox 774 696 882 749; x_wconf 88' lang='lat' dir='ltr'>molesti</span> <span class='ocrx_word' id='word_1_54' title='bbox 975 713 1000 752; x_wconf 81' lang='lat' dir='ltr'>le</span> <span class='ocrx_word' id='word_1_55' title='bbox 1053 721 1054 744; x_wconf 60' lang='lat' dir='ltr'>i</span> 
     </span>
     <span class='ocr_line' id='line_1_9' title="bbox 145 769 926 838; baseline 0.001 -17"><span class='ocrx_word' id='word_1_56' title='bbox 145 771 204 833; x_wconf 82' lang='lat' dir='ltr'>Quo</span> <span class='ocrx_word' id='word_1_57' title='bbox 222 770 307 823; x_wconf 86' lang='lat' dir='ltr'>fortes</span> <span class='ocrx_word' id='word_1_58' title='bbox 325 769 423 838; x_wconf 89' lang='lat' dir='ltr'>quibus</span> <span class='ocrx_word' id='word_1_59' title='bbox 441 772 584 824; x_wconf 87' lang='lat' dir='ltr'>adversum</span> <span class='ocrx_word' id='word_1_60' title='bbox 603 771 705 832; x_wconf 89' lang='lat' dir='ltr'>bellum</span> <span class='ocrx_word' id='word_1_61' title='bbox 722 771 832 835; x_wconf 80' lang='lat' dir='ltr'>incidit3</span> <span class='ocrx_word' id='word_1_62' title='bbox 851 771 926 824; x_wconf 87' lang='lat' dir='ltr'>inter</span> 
     </span>
     <span class='ocr_line' id='line_1_10' title="bbox 145 844 1054 928; baseline 0.003 -32"><span class='ocrx_word' id='word_1_63' title='bbox 145 844 266 898; x_wconf 80' lang='lat' dir='ltr'>Hectora</span> <span class='ocrx_word' id='word_1_64' title='bbox 286 846 441 900; x_wconf 82' lang='lat' dir='ltr'>Priamiden</span> <span class='ocrx_word' id='word_1_65' title='bbox 459 849 608 900; x_wconf 88' lang='lat' dir='ltr'>animosum</span> <span class='ocrx_word' id='word_1_66' title='bbox 627 853 710 915; x_wconf 89' lang='lat' dir='ltr'>atque</span> <span class='ocrx_word' id='word_1_67' title='bbox 728 848 801 900; x_wconf 85' lang='lat' dir='ltr'>inter</span> <span class='ocrx_word' id='word_1_68' title='bbox 821 846 959 899; x_wconf 84' lang='lat' dir='ltr'>Achillem</span> <span class='ocrx_word' id='word_1_69' title='bbox 1053 879 1054 928; x_wconf 49' lang='lat' dir='ltr'>p</span> 
     </span>
     <span class='ocr_line' id='line_1_11' title="bbox 145 919 1054 990; baseline 0.003 -18"><span class='ocrx_word' id='word_1_70' title='bbox 145 919 192 972; x_wconf 88' lang='lat' dir='ltr'>lra</span> <span class='ocrx_word' id='word_1_71' title='bbox 208 920 260 974; x_wconf 86' lang='lat' dir='ltr'>fuit</span> <span class='ocrx_word' id='word_1_72' title='bbox 279 922 450 990; x_wconf 86' lang='lat' dir='ltr'>capitalisut</span> <span class='ocrx_word' id='word_1_73' title='bbox 468 923 564 976; x_wconf 88' lang='lat' dir='ltr'>ultima</span> <span class='ocrx_word' id='word_1_74' title='bbox 582 923 718 976; x_wconf 90' lang='lat' dir='ltr'>divideret</span> <span class='ocrx_word' id='word_1_75' title='bbox 734 938 814 988; x_wconf 86' lang='lat' dir='ltr'>mors,</span> <span class='ocrx_word' id='word_1_76' title='bbox 1053 929 1054 934; x_wconf 78' lang='grc'>’</span> 
     </span>
     <span class='ocr_line' id='line_1_12' title="bbox 144 995 925 1066; baseline 0.003 -18"><span class='ocrx_word' id='word_1_77' title='bbox 144 995 207 1048; x_wconf 91' lang='lat' dir='ltr'>Nou</span> <span class='ocrx_word' id='word_1_78' title='bbox 224 997 305 1049; x_wconf 86' lang='lat' dir='ltr'>aliam</span> <span class='ocrx_word' id='word_1_79' title='bbox 324 997 358 1048; x_wconf 89' lang='lat' dir='ltr'>ob</span> <span class='ocrx_word' id='word_1_80' title='bbox 375 1014 482 1050; x_wconf 89' lang='lat' dir='ltr'>causam</span> <span class='ocrx_word' id='word_1_81' title='bbox 501 999 552 1050; x_wconf 89' lang='lat' dir='ltr'>nisi</span> <span class='ocrx_word' id='word_1_82' title='bbox 572 998 644 1066; x_wconf 91' lang='lat' dir='ltr'>quod</span> <span class='ocrx_word' id='word_1_83' title='bbox 658 999 745 1051; x_wconf 83' lang='lat' dir='ltr'>virtus</span> <span class='ocrx_word' id='word_1_84' title='bbox 763 998 790 1050; x_wconf 91' lang='lat' dir='ltr'>in</span> <span class='ocrx_word' id='word_1_85' title='bbox 808 1000 925 1065; x_wconf 90' lang='lat' dir='ltr'>utroque</span> 
     </span>
    </p>

    <p class='ocr_par' dir='ltr' id='par_1_5' title="bbox 144 1071 832 1137">
     <span class='ocr_line' id='line_1_13' title="bbox 144 1071 832 1137; baseline 0 -13"><span class='ocrx_word' id='word_1_86' title='bbox 144 1071 256 1124; x_wconf 81' lang='lat' dir='ltr'>Summa</span> <span class='ocrx_word' id='word_1_87' title='bbox 274 1071 339 1125; x_wconf 84' lang='lat' dir='ltr'>fuit:</span> <span class='ocrx_word' id='word_1_88' title='bbox 358 1071 412 1124; x_wconf 92' lang='lat' dir='ltr'>duo</span> <span class='ocrx_word' id='word_1_89' title='bbox 430 1073 453 1125; x_wconf 85' lang='lat' dir='ltr'>si</span> <span class='ocrx_word' id='word_1_90' title='bbox 472 1073 608 1126; x_wconf 86' lang='lat' dir='ltr'>discordia</span> <span class='ocrx_word' id='word_1_91' title='bbox 625 1078 707 1126; x_wconf 78' lang='lat' dir='ltr'>vexet</span> <span class='ocrx_word' id='word_1_92' title='bbox 724 1074 832 1137; x_wconf 76' lang='lat' dir='ltr'>inertes,</span> 
     </span>
    </p>

    <p class='ocr_par' dir='ltr' id='par_1_6' title="bbox 145 1145 861 1214">
     <span class='ocr_line' id='line_1_14' title="bbox 145 1145 861 1214; baseline 0.001 -15"><span class='ocrx_word' id='word_1_93' title='bbox 145 1148 204 1199; x_wconf 91' lang='lat' dir='ltr'>Aut</span> <span class='ocrx_word' id='word_1_94' title='bbox 220 1147 242 1200; x_wconf 89' lang='lat' dir='ltr'>si</span> <span class='ocrx_word' id='word_1_95' title='bbox 259 1146 413 1214; x_wconf 82' lang='lat' dir='ltr'>disparibus</span> <span class='ocrx_word' id='word_1_96' title='bbox 433 1147 535 1200; x_wconf 91' lang='lat' dir='ltr'>bellum</span> <span class='ocrx_word' id='word_1_97' title='bbox 554 1148 662 1214; x_wconf 88' lang='lat' dir='ltr'>incidat,</span> <span class='ocrx_word' id='word_1_98' title='bbox 682 1152 713 1201; x_wconf 87' lang='lat' dir='ltr'>ut</span> <span class='ocrx_word' id='word_1_99' title='bbox 734 1145 861 1200; x_wconf 81' lang='lat' dir='ltr'>Diomedi</span> 
     </span>
    </p>

    <p class='ocr_par' dir='ltr' id='par_1_7' title="bbox 144 1220 834 1292">
     <span class='ocr_line' id='line_1_15' title="bbox 144 1220 834 1292; baseline 0.001 -19"><span class='ocrx_word' id='word_1_100' title='bbox 144 1220 213 1273; x_wconf 78' lang='lat' dir='ltr'>Gum</span> <span class='ocrx_word' id='word_1_101' title='bbox 232 1221 313 1288; x_wconf 84' lang='lat' dir='ltr'>Lycio</span> <span class='ocrx_word' id='word_1_102' title='bbox 333 1222 584 1288; x_wconf 72' lang='lat' dir='ltr'>Glaucodiscedat</span> <span class='ocrx_word' id='word_1_103' title='bbox 603 1223 705 1292; x_wconf 80' lang='lat' dir='ltr'>pigrior</span> <span class='ocrx_word' id='word_1_104' title='bbox 722 1223 795 1275; x_wconf 87' lang='lat' dir='ltr'>ultro</span> <span class='ocrx_word' id='word_1_105' title='bbox 831 1239 834 1245; x_wconf 94' lang='lat'>·</span> 
     </span>
    </p>

    <p class='ocr_par' dir='ltr' id='par_1_8' title="bbox 143 1295 1054 1665">
     <span class='ocr_line' id='line_1_16' title="bbox 144 1295 1054 1366; baseline 0.008 -18"><span class='ocrx_word' id='word_1_106' title='bbox 144 1295 304 1348; x_wconf 85' lang='lat' dir='ltr'>Muneribus</span> <span class='ocrx_word' id='word_1_107' title='bbox 320 1297 409 1350; x_wconf 87' lang='lat' dir='ltr'>missis</span> <span class='ocrx_word' id='word_1_108' title='bbox 416 1301 432 1362; x_wconf 75' lang='grc' dir='ltr'>ι)</span> <span class='ocrx_word' id='word_1_109' title='bbox 453 1298 539 1352; x_wconf 87' lang='lat' dir='ltr'>Bruto</span> <span class='ocrx_word' id='word_1_110' title='bbox 558 1307 685 1366; x_wconf 87' lang='lat' dir='ltr'>praetore</span> <span class='ocrx_word' id='word_1_111' title='bbox 704 1301 817 1352; x_wconf 85' lang='lat' dir='ltr'>tenente</span> <span class='ocrx_word' id='word_1_112' title='bbox 1053 1335 1054 1366; x_wconf 55' lang='lat'>2</span> 
     </span>
     <span class='ocr_line' id='line_1_17' title="bbox 144 1367 1054 1448; baseline 0 -25"><span class='ocrx_word' id='word_1_113' title='bbox 144 1371 237 1424; x_wconf 82' lang='lat' dir='ltr'>Ditem</span> <span class='ocrx_word' id='word_1_114' title='bbox 256 1372 351 1424; x_wconf 81' lang='lat' dir='ltr'>Asiam</span> <span class='ocrx_word' id='word_1_115' title='bbox 370 1373 462 1440; x_wconf 82' lang='lat' dir='ltr'>Rupili</span> <span class='ocrx_word' id='word_1_116' title='bbox 481 1378 510 1426; x_wconf 90' lang='lat' dir='ltr'>et</span> <span class='ocrx_word' id='word_1_117' title='bbox 532 1374 609 1427; x_wconf 86' lang='lat' dir='ltr'>Persi</span> <span class='ocrx_word' id='word_1_118' title='bbox 628 1375 807 1442; x_wconf 79' lang='lat' dir='ltr'>perpugnat,</span> <span class='ocrx_word' id='word_1_119' title='bbox 826 1367 939 1424; x_wconf 82' lang='lat' dir='ltr'>utinen</span> <span class='ocrx_word' id='word_1_120' title='bbox 1053 1373 1054 1448; x_wconf 68' lang='lat' dir='ltr'>l</span> 
     </span>
     <span class='ocr_line' id='line_1_18' title="bbox 143 1445 1054 1514; baseline 0 -14"><span class='ocrx_word' id='word_1_121' title='bbox 143 1446 329 1514; x_wconf 76' lang='lat' dir='ltr'>Compositum</span> <span class='ocrx_word' id='word_1_122' title='bbox 349 1448 445 1500; x_wconf 85' lang='lat' dir='ltr'>melius</span> <span class='ocrx_word' id='word_1_123' title='bbox 464 1465 525 1501; x_wconf 91' lang='lat' dir='ltr'>cum</span> <span class='ocrx_word' id='word_1_124' title='bbox 545 1449 629 1502; x_wconf 86' lang='lat' dir='ltr'>Bitho</span> <span class='ocrx_word' id='word_1_125' title='bbox 647 1449 785 1502; x_wconf 89' lang='lat' dir='ltr'>Bacchius.</span> <span class='ocrx_word' id='word_1_126' title='bbox 821 1448 854 1500; x_wconf 90' lang='lat' dir='ltr'>In</span> <span class='ocrx_word' id='word_1_127' title='bbox 867 1445 914 1514; x_wconf 87' lang='lat' dir='ltr'>jus</span> <span class='ocrx_word' id='word_1_128' title='bbox 971 1463 997 1500; x_wconf 80' lang='lat' dir='ltr'>ac</span> <span class='ocrx_word' id='word_1_129' title='bbox 1053 1449 1054 1500; x_wconf 77' lang='lat' dir='ltr'>l</span> 
     </span>
     <span class='ocr_line' id='line_1_19' title="bbox 144 1521 1054 1593; baseline 0.001 -19"><span class='ocrx_word' id='word_1_130' title='bbox 144 1523 231 1574; x_wconf 89' lang='lat' dir='ltr'>Acres</span> <span class='ocrx_word' id='word_1_131' title='bbox 252 1527 420 1589; x_wconf 83' lang='lat' dir='ltr'>procurrunt,</span> <span class='ocrx_word' id='word_1_132' title='bbox 437 1541 564 1590; x_wconf 83' lang='lat' dir='ltr'>magnum</span> <span class='ocrx_word' id='word_1_133' title='bbox 584 1521 768 1593; x_wconf 78' lang='lat' dir='ltr'>spectaculum</span> <span class='ocrx_word' id='word_1_134' title='bbox 788 1525 912 1590; x_wconf 89' lang='lat' dir='ltr'>uterque.</span> <span class='ocrx_word' id='word_1_135' title='bbox 966 1579 970 1584; x_wconf 66' lang='grc'><strong>,</strong></span> <span class='ocrx_word' id='word_1_136' title='bbox 1053 1533 1054 1548; x_wconf 70' lang='lat'><em>³</em></span> 
     </span>
     <span class='ocr_line' id='line_1_20' title="bbox 144 1597 792 1665; baseline 0.002 -16"><span class='ocrx_word' id='word_1_137' title='bbox 144 1597 252 1649; x_wconf 86' lang='lat' dir='ltr'>Persius</span> <span class='ocrx_word' id='word_1_138' title='bbox 272 1597 382 1665; x_wconf 79' lang='lat' dir='ltr'>exponit</span> <span class='ocrx_word' id='word_1_139' title='bbox 401 1615 524 1664; x_wconf 80' lang='lat' dir='ltr'>causam3</span> <span class='ocrx_word' id='word_1_140' title='bbox 544 1599 650 1652; x_wconf 88' lang='lat' dir='ltr'>ridetur</span> <span class='ocrx_word' id='word_1_141' title='bbox 669 1599 704 1652; x_wconf 91' lang='lat' dir='ltr'>ab</span> <span class='ocrx_word' id='word_1_142' title='bbox 720 1597 792 1651; x_wconf 90' lang='lat' dir='ltr'>omni</span> 
     </span>
    </p>

    <p class='ocr_par' dir='ltr' id='par_1_9' title="bbox 143 1671 869 1742">
     <span class='ocr_line' id='line_1_21' title="bbox 143 1671 869 1742; baseline 0.003 -18"><span class='ocrx_word' id='word_1_143' title='bbox 143 1671 285 1725; x_wconf 71' lang='lat' dir='ltr'>Conventu</span> <span class='ocrx_word' id='word_1_144' title='bbox 294 1693 305 1736; x_wconf 49' lang='lat'>3¹</span> <span class='ocrx_word' id='word_1_145' title='bbox 317 1673 411 1726; x_wconf 89' lang='lat' dir='ltr'>laudat</span> <span class='ocrx_word' id='word_1_146' title='bbox 424 1674 542 1727; x_wconf 87' lang='lat' dir='ltr'>Brutum</span> <span class='ocrx_word' id='word_1_147' title='bbox 555 1675 704 1742; x_wconf 89' lang='lat' dir='ltr'>laudatque</span> <span class='ocrx_word' id='word_1_148' title='bbox 717 1674 869 1726; x_wconf 84' lang='lat' dir='ltr'>cohortem:</span> 
     </span>
    </p>

    <p class='ocr_par' dir='ltr' id='par_1_10' title="bbox 124 1746 1054 2042">
     <span class='ocr_line' id='line_1_22' title="bbox 142 1746 1054 1816; baseline 0 -16"><span class='ocrx_word' id='word_1_149' title='bbox 142 1746 233 1800; x_wconf 83' lang='lat' dir='ltr'>Solem</span> <span class='ocrx_word' id='word_1_150' title='bbox 253 1748 335 1800; x_wconf 83' lang='lat' dir='ltr'>Asiae</span> <span class='ocrx_word' id='word_1_151' title='bbox 354 1748 471 1802; x_wconf 90' lang='lat' dir='ltr'>Brutum</span> <span class='ocrx_word' id='word_1_152' title='bbox 490 1750 619 1816; x_wconf 89' lang='lat' dir='ltr'>appellat,</span> <span class='ocrx_word' id='word_1_153' title='bbox 639 1749 786 1816; x_wconf 78' lang='lat' dir='ltr'>stellasque</span> <span class='ocrx_word' id='word_1_154' title='bbox 801 1747 922 1800; x_wconf 80' lang='lat' dir='ltr'>salubres</span> <span class='ocrx_word' id='word_1_155' title='bbox 1053 1805 1054 1810; x_wconf 43' lang='lat'>,</span> 
     </span>
     <span class='ocr_line' id='line_1_23' title="bbox 124 1819 1054 1898; baseline 0.001 -23"><span class='ocrx_word' id='word_1_156' title='bbox 124 1823 275 1898; x_wconf 71' lang='lat' dir='ltr'>¹Appellat</span> <span class='ocrx_word' id='word_1_157' title='bbox 293 1823 405 1876; x_wconf 86' lang='lat' dir='ltr'>comites</span> <span class='ocrx_word' id='word_1_158' title='bbox 422 1829 537 1892; x_wconf 85' lang='lat' dir='ltr'>excepto</span> <span class='ocrx_word' id='word_1_159' title='bbox 557 1825 647 1892; x_wconf 86' lang='lat' dir='ltr'>Rege;</span> <span class='ocrx_word' id='word_1_160' title='bbox 667 1840 760 1876; x_wconf 88' lang='lat' dir='ltr'>canem</span> <span class='ocrx_word' id='word_1_161' title='bbox 773 1822 857 1894; x_wconf 90' lang='lat' dir='ltr'>illum</span> <span class='ocrx_word' id='word_1_162' title='bbox 969 1829 997 1876; x_wconf 67' lang='lat' dir='ltr'>at</span> <span class='ocrx_word' id='word_1_163' title='bbox 1053 1819 1054 1860; x_wconf 55' lang='lat' dir='ltr'>l</span> 
     </span>
     <span class='ocr_line' id='line_1_24' title="bbox 143 1893 994 1965; baseline 0.001 -16"><span class='ocrx_word' id='word_1_164' title='bbox 143 1897 264 1950; x_wconf 87' lang='lat' dir='ltr'>Invisum</span> <span class='ocrx_word' id='word_1_165' title='bbox 284 1898 407 1965; x_wconf 79' lang='lat' dir='ltr'>agricolis</span> <span class='ocrx_word' id='word_1_166' title='bbox 429 1899 505 1951; x_wconf 90' lang='lat' dir='ltr'>sidus</span> <span class='ocrx_word' id='word_1_167' title='bbox 524 1900 637 1954; x_wconf 81' lang='lat' dir='ltr'>venisse.</span> <span class='ocrx_word' id='word_1_168' title='bbox 664 1898 782 1952; x_wconf 87' lang='lat' dir='ltr'>-Ruebat</span> <span class='ocrx_word' id='word_1_169' title='bbox 899 1893 906 1904; x_wconf 83' lang='lat'>&#39;</span> <span class='ocrx_word' id='word_1_170' title='bbox 987 1895 994 1900; x_wconf 85' lang='grc'><strong>’</strong></span> 
     </span>
     <span class='ocr_line' id='line_1_25' title="bbox 143 1971 856 2042; baseline -0.001 -18"><span class='ocrx_word' id='word_1_171' title='bbox 143 1971 258 2026; x_wconf 74' lang='lat' dir='ltr'>Flumen</span> <span class='ocrx_word' id='word_1_172' title='bbox 274 1977 305 2026; x_wconf 90' lang='lat' dir='ltr'>ut</span> <span class='ocrx_word' id='word_1_173' title='bbox 324 1973 468 2026; x_wconf 87' lang='lat' dir='ltr'>hibernum</span> <span class='ocrx_word' id='word_1_174' title='bbox 485 1975 572 2028; x_wconf 83' lang='lat' dir='ltr'>fertur</span> <span class='ocrx_word' id='word_1_175' title='bbox 590 1991 644 2042; x_wconf 92' lang='lat' dir='ltr'>quo</span> <span class='ocrx_word' id='word_1_176' title='bbox 664 1990 725 2026; x_wconf 88' lang='lat' dir='ltr'>rara</span> <span class='ocrx_word' id='word_1_177' title='bbox 741 1972 856 2028; x_wconf 83' lang='lat' dir='ltr'>securis..</span> 
     </span>
    </p>

    <p class='ocr_par' dir='ltr' id='par_1_11' title="bbox 143 2047 785 2116">
     <span class='ocr_line' id='line_1_26' title="bbox 143 2047 785 2116; baseline 0 -16"><span class='ocrx_word' id='word_1_178' title='bbox 143 2047 211 2100; x_wconf 82' lang='lat' dir='ltr'>Tum</span> <span class='ocrx_word' id='word_1_179' title='bbox 230 2048 423 2102; x_wconf 86' lang='lat' dir='ltr'>Praenestinus</span> <span class='ocrx_word' id='word_1_180' title='bbox 440 2050 509 2102; x_wconf 86' lang='lat' dir='ltr'>salso</span> <span class='ocrx_word' id='word_1_181' title='bbox 529 2050 669 2116; x_wconf 90' lang='lat' dir='ltr'>multoque</span> <span class='ocrx_word' id='word_1_182' title='bbox 690 2049 785 2100; x_wconf 87' lang='lat' dir='ltr'>fluenti</span> 
     </span>
    </p>

    <p class='ocr_par' dir='ltr' id='par_1_12' title="bbox 143 2122 777 2192">
     <span class='ocr_line' id='line_1_27' title="bbox 143 2122 777 2192; baseline -0.003 -15"><span class='ocrx_word' id='word_1_183' title='bbox 143 2123 278 2191; x_wconf 79' lang='lat' dir='ltr'>Expressa</span> <span class='ocrx_word' id='word_1_184' title='bbox 293 2123 405 2177; x_wconf 87' lang='lat' dir='ltr'>arbusto</span> <span class='ocrx_word' id='word_1_185' title='bbox 423 2126 526 2192; x_wconf 85' lang='lat' dir='ltr'>regerit</span> <span class='ocrx_word' id='word_1_186' title='bbox 544 2125 669 2190; x_wconf 86' lang='lat' dir='ltr'>convicia,</span> <span class='ocrx_word' id='word_1_187' title='bbox 689 2122 777 2176; x_wconf 86' lang='lat' dir='ltr'>durus¹</span> 
     </span>
    </p>

    <p class='ocr_par' dir='ltr' id='par_1_13' title="bbox 142 2197 1054 2417">
     <span class='ocr_line' id='line_1_28' title="bbox 142 2197 1054 2266; baseline 0.002 -16"><span class='ocrx_word' id='word_1_188' title='bbox 142 2197 332 2258; x_wconf 78' lang='lat' dir='ltr'>vindemiator</span> <span class='ocrx_word' id='word_1_189' title='bbox 349 2203 379 2252; x_wconf 87' lang='lat' dir='ltr'>et</span> <span class='ocrx_word' id='word_1_190' title='bbox 396 2200 520 2265; x_wconf 83' lang='lat' dir='ltr'>invictus,</span> <span class='ocrx_word' id='word_1_191' title='bbox 540 2201 583 2253; x_wconf 92' lang='lat' dir='ltr'>cui</span> <span class='ocrx_word' id='word_1_192' title='bbox 603 2216 683 2266; x_wconf 88' lang='lat' dir='ltr'>saepe</span> <span class='ocrx_word' id='word_1_193' title='bbox 702 2200 787 2251; x_wconf 83' lang='lat' dir='ltr'>viator</span> <span class='ocrx_word' id='word_1_194' title='bbox 969 2211 1002 2252; x_wconf 65' lang='lat' dir='ltr'>a·</span> <span class='ocrx_word' id='word_1_195' title='bbox 1053 2227 1054 2262; x_wconf 68' lang='lat'>3</span> 
     </span>
     <span class='ocr_line' id='line_1_29' title="bbox 143 2263 1054 2344; baseline -0.005 -16"><span class='ocrx_word' id='word_1_196' title='bbox 143 2274 276 2328; x_wconf 82' lang='lat' dir='ltr'>Oessisset</span> <span class='ocrx_word' id='word_1_197' title='bbox 292 2291 392 2340; x_wconf 81' lang='lat' dir='ltr'>magna</span> <span class='ocrx_word' id='word_1_198' title='bbox 411 2276 575 2344; x_wconf 90' lang='lat' dir='ltr'>compellans</span> <span class='ocrx_word' id='word_1_199' title='bbox 593 2291 659 2328; x_wconf 87' lang='lat' dir='ltr'>voce</span> <span class='ocrx_word' id='word_1_200' title='bbox 677 2274 825 2327; x_wconf 90' lang='lat' dir='ltr'>cucullum..</span> <span class='ocrx_word' id='word_1_201' title='bbox 1053 2263 1054 2280; x_wconf 57' lang='lat'>¹</span> 
     </span>
     <span class='ocr_line' id='line_1_30' title="bbox 142 2349 888 2417; baseline -0.005 -14"><span class='ocrx_word' id='word_1_202' title='bbox 142 2351 183 2403; x_wconf 76' lang='lat' dir='ltr'>At</span> <span class='ocrx_word' id='word_1_203' title='bbox 201 2350 327 2416; x_wconf 86' lang='lat' dir='ltr'>Graecue‚</span> <span class='ocrx_word' id='word_1_204' title='bbox 345 2353 490 2417; x_wconf 85' lang='lat' dir='ltr'>postquam</span> <span class='ocrx_word' id='word_1_205' title='bbox 510 2354 553 2403; x_wconf 86' lang='lat' dir='ltr'>est</span> <span class='ocrx_word' id='word_1_206' title='bbox 572 2351 643 2402; x_wconf 86' lang='lat' dir='ltr'>Italo</span> <span class='ocrx_word' id='word_1_207' title='bbox 660 2349 787 2417; x_wconf 86' lang='lat' dir='ltr'>perfusus</span> <span class='ocrx_word' id='word_1_208' title='bbox 804 2349 888 2411; x_wconf 85' lang='lat' dir='ltr'>aceto,</span> 
     </span>
    </p>

    <p class='ocr_par' dir='ltr' id='par_1_14' title="bbox 142 2423 1054 2654">
     <span class='ocr_line' id='line_1_31' title="bbox 143 2423 1054 2498; baseline -0.003 -21"><span class='ocrx_word' id='word_1_209' title='bbox 143 2425 252 2477; x_wconf 89' lang='lat' dir='ltr'>Persius</span> <span class='ocrx_word' id='word_1_210' title='bbox 271 2424 421 2480; x_wconf 83' lang='lat' dir='ltr'>exclamat:</span> <span class='ocrx_word' id='word_1_211' title='bbox 441 2425 494 2477; x_wconf 91' lang='lat' dir='ltr'>Per</span> <span class='ocrx_word' id='word_1_212' title='bbox 512 2441 631 2492; x_wconf 83' lang='lat' dir='ltr'>magnos,</span> <span class='ocrx_word' id='word_1_213' title='bbox 652 2425 746 2488; x_wconf 89' lang='lat' dir='ltr'>Brute,</span> <span class='ocrx_word' id='word_1_214' title='bbox 765 2423 830 2476; x_wconf 90' lang='lat' dir='ltr'>deos</span> <span class='ocrx_word' id='word_1_215' title='bbox 847 2425 877 2475; x_wconf 85' lang='lat' dir='ltr'>te</span> <span class='ocrx_word' id='word_1_216' title='bbox 1053 2489 1054 2498; x_wconf 10' lang='grc' dir='ltr'>ἵ</span> 
     </span>
     <span class='ocr_line' id='line_1_32' title="bbox 143 2499 995 2566; baseline -0.003 -14"><span class='ocrx_word' id='word_1_217' title='bbox 143 2500 198 2552; x_wconf 90' lang='lat' dir='ltr'>Oro</span> <span class='ocrx_word' id='word_1_218' title='bbox 216 2499 263 2566; x_wconf 90' lang='lat' dir='ltr'>qui</span> <span class='ocrx_word' id='word_1_219' title='bbox 280 2516 359 2566; x_wconf 83' lang='lat' dir='ltr'>reges</span> <span class='ocrx_word' id='word_1_220' title='bbox 377 2500 514 2552; x_wconf 88' lang='lat' dir='ltr'>consueris</span> <span class='ocrx_word' id='word_1_221' title='bbox 531 2501 635 2564; x_wconf 89' lang='lat' dir='ltr'>tollere,</span> <span class='ocrx_word' id='word_1_222' title='bbox 654 2503 702 2552; x_wconf 82' lang='lat' dir='ltr'>cur</span> <span class='ocrx_word' id='word_1_223' title='bbox 719 2515 781 2550; x_wconf 90' lang='lat' dir='ltr'>non</span> <span class='ocrx_word' id='word_1_224' title='bbox 970 2510 995 2550; x_wconf 71' lang='lat' dir='ltr'>aa</span> 
     </span>
     <span class='ocr_line' id='line_1_33' title="bbox 142 2571 1054 2643; baseline -0.005 -14"><span class='ocrx_word' id='word_1_225' title='bbox 142 2573 656 2643; x_wconf 81' lang='lat' dir='ltr'>Huncltegemjugnlaleperumhoc,</span> <span class='ocrx_word' id='word_1_226' title='bbox 664 2571 994 2640; x_wconf 70' lang='lat' dir='ltr'>mihicredetuorumest</span> <span class='ocrx_word' id='word_1_227' title='bbox 1053 2571 1054 2638; x_wconf 61' lang='lat' dir='ltr'>l</span> 
     </span>
    </p>
   </div>
   <div class='ocr_carea' id='block_1_4' title="bbox 142 2711 1054 3235">
    <p class='ocr_par' dir='ltr' id='par_1_15' title="bbox 142 2711 1054 3235">
     <span class='ocr_line' id='line_1_34' title="bbox 529 2711 1054 2768; baseline 0 -1"><span class='ocrx_word' id='word_1_228' title='bbox 529 2713 615 2768; x_wconf 84' lang='lat' dir='ltr'>VIII.</span> <span class='ocrx_word' id='word_1_229' title='bbox 1053 2711 1054 2738; x_wconf 63' lang='lat'>¹</span> 
     </span>
     <span class='ocr_line' id='line_1_35' title="bbox 142 2794 869 2863; baseline -0.003 -13"><span class='ocrx_word' id='word_1_230' title='bbox 142 2797 218 2854; x_wconf 75' lang='lat' dir='ltr'>Onru</span> <span class='ocrx_word' id='word_1_231' title='bbox 236 2801 348 2863; x_wconf 85' lang='lat' dir='ltr'>truncus</span> <span class='ocrx_word' id='word_1_232' title='bbox 366 2813 441 2850; x_wconf 88' lang='lat' dir='ltr'>eram</span> <span class='ocrx_word' id='word_1_233' title='bbox 458 2796 580 2862; x_wconf 85' lang='lat' dir='ltr'>ficulnus,</span> <span class='ocrx_word' id='word_1_234' title='bbox 598 2795 695 2849; x_wconf 89' lang='lat' dir='ltr'>inutile</span> <span class='ocrx_word' id='word_1_235' title='bbox 712 2794 825 2862; x_wconf 83' lang='lat' dir='ltr'>lignum,</span> <span class='ocrx_word' id='word_1_236' title='bbox 864 2842 869 2848; x_wconf 92' lang='lat'>.</span> 
     </span>
     <span class='ocr_line' id='line_1_36' title="bbox 142 2867 921 2944; baseline -0.009 -18"><span class='ocrx_word' id='word_1_237' title='bbox 142 2873 211 2926; x_wconf 83' lang='lat' dir='ltr'>(lum</span> <span class='ocrx_word' id='word_1_238' title='bbox 228 2873 313 2938; x_wconf 88' lang='lat' dir='ltr'>faber,</span> <span class='ocrx_word' id='word_1_239' title='bbox 331 2873 452 2924; x_wconf 86' lang='lat' dir='ltr'>incertus</span> <span class='ocrx_word' id='word_1_240' title='bbox 470 2888 606 2944; x_wconf 85' lang='lat' dir='ltr'>scamnum</span> <span class='ocrx_word' id='word_1_241' title='bbox 625 2871 763 2923; x_wconf 82' lang='lat' dir='ltr'>faceretne</span> <span class='ocrx_word' id='word_1_242' title='bbox 783 2867 921 2935; x_wconf 86' lang='lat' dir='ltr'>Priapum,</span> 
     </span>
     <span class='ocr_line' id='line_1_37' title="bbox 142 2939 968 3012; baseline -0.005 -9"><span class='ocrx_word' id='word_1_243' title='bbox 142 2945 241 3003; x_wconf 85' lang='lat' dir='ltr'>Maluit</span> <span class='ocrx_word' id='word_1_244' title='bbox 259 2963 318 2999; x_wconf 85' lang='lat' dir='ltr'>esse</span> <span class='ocrx_word' id='word_1_245' title='bbox 335 2947 424 3000; x_wconf 88' lang='lat' dir='ltr'>deum.</span> <span class='ocrx_word' id='word_1_246' title='bbox 460 2945 535 2998; x_wconf 91' lang='lat' dir='ltr'>Deus</span> <span class='ocrx_word' id='word_1_247' title='bbox 551 2939 615 2998; x_wconf 89' lang='lat' dir='ltr'>inde</span> <span class='ocrx_word' id='word_1_248' title='bbox 633 2962 683 3012; x_wconf 82' lang='lat' dir='ltr'>ego</span> <span class='ocrx_word' id='word_1_249' title='bbox 700 2945 791 2996; x_wconf 83' lang='lat' dir='ltr'>furum</span> <span class='ocrx_word' id='word_1_250' title='bbox 811 2943 968 3010; x_wconf 64' lang='lat' dir='ltr'>aviumque¹</span> 
     </span>
     <span class='ocr_line' id='line_1_38' title="bbox 143 3017 1054 3083; baseline 0 -13"><span class='ocrx_word' id='word_1_251' title='bbox 143 3019 264 3072; x_wconf 83' lang='lat' dir='ltr'>Maxima</span> <span class='ocrx_word' id='word_1_252' title='bbox 280 3020 410 3083; x_wconf 83' lang='lat' dir='ltr'>forrnido;</span> <span class='ocrx_word' id='word_1_253' title='bbox 433 3036 496 3072; x_wconf 89' lang='lat' dir='ltr'>nam</span> <span class='ocrx_word' id='word_1_254' title='bbox 514 3020 589 3072; x_wconf 89' lang='lat' dir='ltr'>fures</span> <span class='ocrx_word' id='word_1_255' title='bbox 607 3020 705 3072; x_wconf 83' lang='lat' dir='ltr'>dextra</span> <span class='ocrx_word' id='word_1_256' title='bbox 723 3021 832 3071; x_wconf 67' lang='lat' dir='ltr'>coercet</span> <span class='ocrx_word' id='word_1_257' title='bbox 972 3022 990 3030; x_wconf 85' lang='lat'>&#39;&#39;</span> <span class='ocrx_word' id='word_1_258' title='bbox 1053 3017 1054 3038; x_wconf 66' lang='lat'>¹</span> 
     </span>
     <span class='ocr_line' id='line_1_39' title="bbox 144 3091 888 3162; baseline 0.003 -18"><span class='ocrx_word' id='word_1_259' title='bbox 144 3091 337 3158; x_wconf 78' lang='lat' dir='ltr'>Obscoenoque</span> <span class='ocrx_word' id='word_1_260' title='bbox 355 3093 438 3146; x_wconf 90' lang='lat' dir='ltr'>ruber</span> <span class='ocrx_word' id='word_1_261' title='bbox 453 3097 594 3162; x_wconf 88' lang='lat' dir='ltr'>porrectus</span> <span class='ocrx_word' id='word_1_262' title='bbox 612 3095 647 3147; x_wconf 88' lang='lat' dir='ltr'>ab</span> <span class='ocrx_word' id='word_1_263' title='bbox 665 3095 774 3161; x_wconf 87' lang='lat' dir='ltr'>inguine</span> <span class='ocrx_word' id='word_1_264' title='bbox 792 3092 888 3160; x_wconf 83' lang='lat' dir='ltr'>palus;</span> 
     </span>
     <span class='ocr_line' id='line_1_40' title="bbox 149 3165 809 3235; baseline 0 -15"><span class='ocrx_word' id='word_1_265' title='bbox 149 3169 200 3220; x_wconf 78' lang='lat' dir='ltr'>Ast</span> <span class='ocrx_word' id='word_1_266' title='bbox 216 3166 382 3234; x_wconf 81' lang='lat' dir='ltr'>importunas</span> <span class='ocrx_word' id='word_1_267' title='bbox 399 3167 521 3222; x_wconf 80' lang='lat' dir='ltr'>volucres</span> <span class='ocrx_word' id='word_1_268' title='bbox 538 3167 566 3221; x_wconf 94' lang='lat' dir='ltr'>in</span> <span class='ocrx_word' id='word_1_269' title='bbox 585 3167 686 3222; x_wconf 88' lang='lat' dir='ltr'>vertice</span> <span class='ocrx_word' id='word_1_270' title='bbox 705 3165 809 3235; x_wconf 86' lang='lat' dir='ltr'>arundo</span> 
     </span>
    </p>
   </div>
   <div class='ocr_carea' id='block_1_5' title="bbox 0 0 1068 3410">
    <p class='ocr_par' dir='ltr' id='par_1_16' title="bbox 0 0 1068 3410">
     <span class='ocr_line' id='line_1_41' title="bbox 0 0 1068 3410; baseline 0 0"><span class='ocrx_word' id='word_1_271' title='bbox 0 0 1068 3410; x_wconf 95' lang='lat' dir='ltr'> </span> 
     </span>
    </p>
   </div>
  </div>
 </body>
</html>
