2126 3410
359 162 574 213 SATIRARUM
590 163 613 211 Ῑ.
631 165 655 213 2.
851 187 855 196 ·
885 166 930 214 loo

83 241 159 295 Huic
177 243 200 294 si
217 240 336 294 mutonis
353 240 444 294 verbis
460 241 532 294 mala
548 243 627 294 tanta
643 240 761 294 videntis

8 323 9 360 t
82 315 198 370 Diceret
208 315 276 369 haec
286 315 406 369 animus:
419 315 515 379 “Quid
526 315 568 369 vis
579 315 649 369 libii
664 315 798 383 numquid
810 331 860 384 ego
872 331 889 368 a
899 318 932 369 te

8 451 9 462 γ
82 390 187 458 Magno
203 394 366 458 prognatum
384 389 500 458 deposco
517 390 625 444 consule
642 406 760 443 cunnum
907 405 931 444 ro

83 464 269 534 Velatumque
285 465 434 518 stolamea
451 481 512 518 cum
530 464 680 518 conferbuit
697 465 772 519 iral”

85 539 159 603 Quid
177 539 373 608 responderetl
409 539 533 607 “Magno
549 543 628 606 patre
645 543 711 592 nata
725 539 817 607 puella
832 538 895 592 est.’'

85 615 126 666 At
143 617 247 682 quanto
263 614 375 668 meliora
391 617 484 668 monet
500 615 702 682 pugnantiaque
718 615 779 668 istis

85 688 170 742 Dives
187 689 246 758 opis
261 693 361 743 natura
378 705 450 756 suae,
467 693 500 742 tu
517 689 540 741 si
557 689 638 742 modo
655 693 730 743 recte

84 762 251 831 Dispensare
268 764 335 818 velis
353 779 385 817 ac
401 780 455 817 uon
472 764 602 831 fugienda
618 765 747 832 petendis
906 777 931 819 rs

85 838 251 896 Immiscere.
286 838 426 892 Tuo.vitio
443 855 572 893 rerumne
588 839 694 892 labores

84 912 131 966 Nil
149 913 253 967 referre
269 915 368 982 putasl
404 915 494 978 Quare
510 929 546 966 ne
562 914 702 981 poeniteat
718 917 747 966 te

85 986 186 1042 Desine
202 992 341 1042 matronas
358 983 494 1056 sectarier,
511 989 585 1041 uude
602 988 702 1042 laboris

85 1061 150 1115 Plus
168 1062 279 1116 haurire
295 1063 359 1116 mali
378 1067 420 1116 est
436 1079 519 1132 quam
537 1080 619 1116 exre
637 1064 784 1132 decerpere
800 1063 912 1130 inlotus.

85 1136 143 1191 Nec
160 1138 247 1206 magis
264 1138 327 1191 huic
343 1137 416 1191 inter
432 1139 525 1190 niveos
542 1137 698 1206 viridesque
715 1139 819 1206 lapillos
906 1155 929 1191 so

85 1212 138 1278 (Sit
146 1213 212 1266 licet
221 1213 279 1279 hoc,
290 1212 427 1278 Cerinthe,
437 1213 524 1277 tuum)
532 1215 656 1265 tenerum
666 1216 708 1265 est
716 1213 804 1264 semor
813 1216 861 1264 aut
868 1229 929 1266 enus

85 1286 205 1355 Rectius
223 1291 305 1355 atque
323 1287 406 1340 etiam
423 1286 520 1339 melius
536 1302 667 1354 persaepe
684 1290 793 1353 togatae
811 1291 860 1339 est.

84 1362 168 1416 Adde
185 1363 239 1414 huc
256 1362 330 1430 quod
347 1375 465 1414 meroem
483 1361 541 1414 sine
557 1361 627 1414 fucis
643 1364 741 1428 gestat,
760 1365 854 1430 aperte

85 1437 164 1501 Quod
181 1437 277 1490 venale
295 1435 379 1489 habet
397 1435 525 1500 ostendit,
543 1451 593 1488 nee
610 1435 633 1487 si
651 1435 718 1503 quid
734 1435 840 1489 honesti
857 1439 901 1490 est

83 1513 179 1566 lactat
194 1511 333 1578 habetque
349 1510 446 1578 polam,
465 1509 643 1578 quaeritque
660 1509 751 1577 turpia
768 1511 845 1563 celet.
905 1524 928 1564 se

84 1586 206 1654 Regibus
223 1586 267 1638 hic
284 1601 342 1638 mos
360 1589 415 1644 est:
432 1584 480 1637 ubi
498 1599 582 1652 equos
600 1587 755 1637 mercantur
771 1588 880 1650 opertos

84 1661 243 1730 Inspieiunt,
262 1677 298 1714 ne
315 1661 338 1712 si
355 1659 438 1713 facies
455 1663 488 1712 ut
505 1675 585 1726 saepe
604 1659 702 1711 decora
733 1697 736 1704 .
782 1709 784 1712 .

83 1735 160 1788 Molli
178 1735 248 1788 fulta
264 1735 335 1803 pede
354 1737 397 1788 est
415 1737 564 1801 emptorem
582 1733 694 1786 inducat
711 1733 839 1798 hiantem,

8 1855 9 1872 ,
83 1809 164 1873 Quod
181 1809 309 1878 pulchrae
326 1809 424 1875 clunes,
437 1808 521 1861 breve
539 1809 612 1875 quod
630 1811 720 1878 caput,
730 1808 816 1860 ardua
829 1807 928 1862 cervix.

8 1889 13 1930 ἰ
83 1884 145 1938 Hoc
162 1885 202 1938 illi
219 1887 311 1938 recte:
327 1901 363 1936 ne
379 1883 498 1952 eorporis
516 1882 618 1950 optima
636 1881 734 1949 Lyncei
905 1897 928 1936 ro

84 1959 275 2028 contemplere
293 1959 383 2026 oculis,
402 1958 528 2026 Hypsaea
545 1957 649 2010 caecior
665 1956 712 2010 illa

83 2033 160 2098 Quae
176 2035 249 2086 mala
265 2037 329 2092 suut
346 2036 458 2100 spectes.
494 2031 517 2084 Ο
536 2035 611 2085 orus!
630 2048 646 2084 o
663 2030 786 2086 brachia!
823 2031 928 2086 Verum

82 2109 215 2178 Depugis,
232 2111 337 2177 nasuta,
353 2107 430 2160 brevi
447 2107 534 2160 latere
552 2123 584 2160 oc
600 2106 769 2174 pedelongo
786 2109 836 2162 est

82 2183 224 2238 Matronae
241 2187 351 2251 praeter
367 2182 463 2238 faciem
480 2181 519 2233 nil
535 2195 653 2234 cernere¹
663 2181 757 2248 possis,

84 2259 190 2326 Cetera,
207 2258 236 2310 ni
254 2257 333 2310 Catia
350 2261 399 2322 est,
418 2255 534 2308 demissa
550 2258 627 2308 veste
645 2256 770 2322 tegentis.
905 2271 929 2310 os

83 2333 112 2389 Si
128 2333 276 2387 interdicta
292 2335 377 2403 petes,
395 2331 464 2384 vallo
481 2330 648 2383 circumdata
666 2333 737 2397 (nam
754 2336 784 2384 te

83 2408 145 2462 Hoc
162 2409 227 2462 facit
237 2408 384 2473 'insanumt
401 2405 502 2458 multae
519 2405 571 2458 tibi
588 2408 648 2458 tum
666 2405 783 2459 officient
799 2421 852 2470 res,

83 2483 225 2550 Custodes,
241 2482 345 2549 lectica,
362 2481 506 2548 ciniflones
524 2481 665 2548 parasitus,

84 2558 131 2610 Ad
147 2557 218 2611 talos
235 2557 304 2611 stola
322 2556 439 2610 demissa
455 2559 484 2609 et
501 2555 667 2609 circumdata
683 2556 763 2624 palla,

84 2632 204 2686 Plurima
222 2647 291 2700 quae
308 2630 449 2684 invideant
466 2647 535 2698 pure
552 2643 684 2704 apparere
701 2631 753 2684 tibi
770 2647 837 2685 rem.
895 2645 928 2684 roo

84 2707 182 2760 Altera
197 2707 237 2759 nil
253 2705 362 2761 obstat:
381 2705 443 2759 Cois
460 2704 513 2758 tibi
530 2721 616 2773 paene
632 2705 725 2760 videre
743 2711 786 2760 cst

83 2781 124 2846 Ut
139 2781 249 2851 nudam,
266 2797 302 2834 ne
319 2796 398 2834 crure
414 2780 492 2848 malo,
509 2796 545 2833 ne
563 2780 599 2845 sit
615 2779 687 2848 pede
704 2781 793 2848 turpi;

84 2855 177 2912 Metiri
194 2855 281 2924 possis
299 2855 374 2909 oculo
391 2855 471 2910 latus.
506 2855 552 2914 An
568 2854 619 2908 tibi
637 2855 722 2908 mavis

85 2929 202 2984 insidias
219 2930 279 2984 fieri
295 2931 468 3000 pretiumque
486 2929 596 2983 avellier
613 2933 677 2982 ante

85 3003 169 3068 Quam
186 3021 306 3060 mercem
323 3005 445 3057 ostendii
470 3005 622 3069 “Leporem
640 2997 753 3066 venator
767 3008 800 3059 ut
815 3005 871 3059 altu
894 3021 927 3062 los

85 3077 118 3134 In
134 3079 196 3134 nive
214 3084 340 3145 sectetur,
358 3079 476 3144 positum
494 3077 532 3128 sic
548 3077 662 3140 tangere
679 3079 769 3144 nolit,”

8 3203 9 3210 ,
85 3154 183 3210 Canmt
200 3161 229 3209 ot
246 3153 370 3223 apponit:
388 3151 493 3224 ‘fMeus
504 3152 547 3202 est
563 3161 640 3202 amor
656 3150 720 3204 huic
736 3152 845 3217 similis;
862 3167 926 3204 num
