2126 3410
106 111 169 204 mx
376 154 531 204 nonam
548 153 677 204 FLACCI

110 234 156 288 nd
173 232 292 288 medls'm
309 241 417 287 noctem
435 238 578 302 exspecto:
597 251 706 288 somnus
723 227 815 288 tamen
833 228 950 288 aulert‘²

109 308 250 363 Intentum
267 309 378 374 veneri;
395 312 455 362 tum
472 309 612 362 immundo
630 309 734 362 somnia
751 309 811 362 visu
862 331 867 344 ·
972 311 985 339 ⁴

108 383 134 438 N
135 387 276 438 octurnam
293 387 397 437 vestem
415 384 551 437 maculant
568 389 746 452 ventremque
764 385 897 452 supinum.
931 396 957 438 es

108 459 244 524 Qrmttuor
261 458 322 512 hinc
339 459 460 527 rapimur
476 459 573 526 viginti
590 464 620 513 et
636 459 721 512 millia
738 459 839 527 rhedis,

107 534 231 588 Mansuri
249 533 377 602 oppidulo
395 534 469 602 quod
486 551 567 588 versu
585 535 677 588 dicere
694 551 746 587 non
765 539 815 602 est,

108 610 196 678 Signis
213 609 341 678 perfacile
359 610 514 664 est:.venit
531 609 661 663 vilissima
678 626 772 663 rerum
800 625 802 630 ’

108 685 162 740 Ηιθ
178 701 267 754 aqua;
284 683 333 738 sed
350 684 428 752 panis
445 684 525 752 longe
542 681 749 754 pulcherrimus,
766 684 841 740 ultra
942 749 945 755 Α

107 760 227 814 Callidus
244 763 277 814 ut
294 759 380 814 soleat
398 759 518 813 humeris
535 761 645 828 portare
662 761 766 826 viator3
929 775 955 816 ιι

107 835 133 889 N
135 852 179 889 am
197 835 296 890 Canusi
313 835 459 902 lapidosus,
477 851 565 903 equae
582 851 636 888 non
654 833 738 890 ditior
755 851 825 890 urna

107 911 160 974 Qui
178 911 251 965 locus
268 927 285 964 a
301 911 366 964 lorti
385 910 517 964 Diomede
534 913 578 964 cst
595 909 720 964 conditus
737 911 809 965 olim.

107 985 250 1040 Flentibus
267 985 330 1040 hine
348 985 448 1039 Varius
466 985 583 1040 discedit
600 991 720 1040 maestus
736 986 839 1040 amicis.

58 1121 60 1128 ,
106 1061 177 1116 Inde
195 1061 289 1114 Rubos
306 1061 370 1115 fessi
387 1062 567 1128 pervenimus,
585 1065 681 1129 utpote
698 1061 809 1128 longum

106 1136 256 1205 Carpentes
273 1137 328 1190 iter
345 1140 374 1190 et
391 1136 492 1190 factum
510 1137 666 1205 corruptius
681 1135 770 1189 imbri.
928 1150 953 1191 ιι

109 1213 223 1266 Postera
240 1215 390 1280 tempestas
408 1211 510 1278 melior,
528 1211 573 1265 via
590 1211 669 1280 pejor
685 1211 722 1264 ad
739 1211 826 1280 usqne
940 1249 943 1254 -

105 1289 169 1342 Bari
187 1288 294 1342 moenia
311 1286 426 1355 piscosi;
443 1286 507 1340 dein
525 1287 626 1340 Gnatia
645 1286 774 1355 Lymphis

105 1363 188 1416 Iratis
205 1365 346 1416 exstructa
363 1361 442 1414 dedit
459 1361 583 1430 risusque
596 1360 734 1430 jocosque,
786 1405 791 1423 ,

104 1438 176 1491 Dum
194 1437 302 1491 flamma
318 1437 377 1490 sine
393 1435 475 1490 thura
492 1436 641 1505 liquescere
658 1437 750 1490 limine
773 1453 870 1513 sacro„

104 1514 272 1567 Persuadere
289 1513 371 1580 cupit.
407 1512 509 1565 Credat
526 1513 545 1564 J
548 1512 653 1566 udaeus
672 1513 777 1581 Apella,
916 1527 952 1567 roo
1059 1579 1060 1584 ἵ

102 1588 164 1641 Non
182 1605 249 1656 ego:
273 1603 392 1656 namque
410 1587 476 1641 deos
495 1587 578 1640 didici
597 1603 721 1641 securum
739 1604 821 1654 agere
837 1591 946 1657 aevum,¹
1059 1595 1060 1624 ι

102 1663 128 1716 N
130 1680 161 1716 ec
178 1663 201 1716 si
219 1663 284 1732 qnid
303 1663 364 1716 miri
382 1663 466 1716 taciat
483 1667 581 1716 natura
599 1663 665 1716 deos
682 1663 712 1716 id

101 1737 205 1791 Tristes
222 1755 256 1791 ex
274 1737 330 1791 alto
347 1738 414 1792 caeli
433 1737 579 1792 demittere
596 1743 677 1793 tecto.

100 1812 280 1867 Brundisium
297 1813 393 1882 longae
409 1813 472 1866 finis
489 1813 653 1884 chartaeque
670 1806 784 1884 viaeque
802 1818 852 1869 est.

99 2040 164 2095 Νοιι
181 2041 256 2110 quia·
270 2041 422 2108 Maecenas,
440 1999 579 2128 Lydorum
596 2037 731 2109 quidquid
748 1989 877 2092 Iltruseos
944 2037 948 2044 '

99 2115 217 2170 Incaluit
233 2117 301 2170 fines
318 2133 398 2169 nemo
416 2116 571 2184 generosior
588 2119 631 2168 est
647 2119 684 2182 te,

99 2186 158 2244 lldc
175 2192 248 2260 quod
265 2208 332 2245 arus
349 2192 400 2245 tibi
419 2196 559 2244 maternus
576 2191 629 2243 fuit
647 2193 730 2256 atque
747 2190 878 2257 paternus

98 2265 171 2319 Olim
189 2267 236 2334 qui
253 2267 359 2334 magnis
375 2266 528 2334 legionibus
545 2264 740 2332 imperitarent,

98 2338 138 2395 Ut
155 2338 277 2410 plerique
295 2342 388 2406 solent,
405 2357 470 2394 naso
488 2340 630 2408 suspendis
647 2339 751 2391 adunco
939 2357 952 2397 s

98 2415 217 2484 ignotos,
235 2419 267 2470 ut
284 2432 328 2469 me
344 2417 472 2470 libertino
489 2419 686 2484 patronatum.

97 2491 166 2546 Cmn
184 2491 286 2546 referre
303 2507 387 2559 negas
404 2492 477 2560 quali
496 2491 533 2543 sit
550 2489 665 2558 quisque
682 2489 797 2556 parente

97 2567 187 2621 Natus
205 2567 271 2620 dum
289 2567 428 2635 ingenuus,
448 2565 596 2636 persuades
613 2565 664 2616 boc
682 2563 732 2617 tibi
749 2578 822 2628 vere,

97 2646 173 2697 Ante
190 2645 356 2711 potestatem
373 2641 443 2695 'lulli
461 2645 544 2708 atque
561 2639 678 2707 ignobile
695 2653 810 2706 regnum

97 2716 199 2771 Multos
216 2733 299 2786 saepe
317 2718 388 2770 viros
406 2716 486 2770 nullis
504 2732 558 2782 maJ
552 2713 663 2766 'oribus¹
674 2717 748 2766 ortos
804 2761 807 2766 .
933 2712 955 2772 ιι

97 2791 133 2846 Et
151 2793 250 2846 vixisse
266 2791 367 2862 probos
384 2791 480 2858 amplis
498 2794 528 2844 et
544 2732 692 2842 lionoribus
709 2790 820 2851 arictes·

96 2866 197 2918 Contra
215 2866 370 2934 Laevinum,
391 2865 483 2918 Valeri
500 2881 586 2931 genus
603 2864 676 2916 unde
695 2861 827 2949 superbus

96 2937 256 3006 tarquinius
273 2957 356 3006 regno
374 2941 468 3008 pulsus
485 2940 563 3006 fugit,
580 2939 660 2991 nnius
678 2939 746 2990 assis

97 3010 158 3064 Non
175 3028 294 3078 unquam
305 3015 402 3079 ,pretio
419 3014 503 3081 pluris
521 3013 636 3079 licuisse,
655 3015 769 3064 notante

95 3083 194 3140 tudine
212 3101 266 3151 quo
283 3087 362 3138 nosti.
372 3086 543 3154 populo,2qui
562 3086 662 3138 stultus
679 3085 795 3140 honores

95 3156 183 3227 Saepe
200 3156 249 3211 dat
265 3157 383 3226 indignis
399 3159 533 3218 etfaniae
550 3159 634 3214 servit
650 3161 767 3229 ineptus,
