2126 3410
18 89 23 242 Ι

351 133 601 211 samaraeus
623 163 645 211 s.
877 161 920 208 111

18 255 20 271 >
80 235 164 308 Saepo
181 241 277 292 decem
294 254 403 305 servos3
420 240 501 294 modo
518 257 597 309 reges
615 237 699 310 atque
715 239 875 306 tetrarchas,

79 313 175 366 Omnia
182 330 281 380 magna
291 313 404 382 loquens
411 335 418 380 ;
436 314 524 382 modo,
537 316 551 342 “
559 315 602 369 sit
613 316 680 368 mihi
691 309 789 370 mensa
795 315 880 383 tripes
892 316 922 369 et

79 388 185 442 Concha
202 389 265 442 salis
282 389 344 456 puri
362 393 391 442 et
408 393 473 458 toga
491 406 561 459 quac
577 391 725 444 defendere
742 391 830 458 frigus

78 463 203 526 Quamvis
221 479 311 516 crassa
328 465 430 532 queat?
467 465 565 520 Decies
583 470 699 519 centena
717 458 840 519 dedisses
898 479 921 520 ιδ

78 537 151 591 Huic
166 553 248 606 parco
264 540 357 605 paucis
374 542 508 608 contento,
527 541 648 609 quinque
665 539 762 592 diebus

78 611 122 664 Nil
141 616 201 666 erat
216 611 246 664 in
262 613 363 666 loculis.
398 613 501 668 Noctes
518 614 648 682 vigilabat
665 614 701 666 ad
717 615 807 682 ipsum

77 687 165 754 Mane,
183 687 256 740 diem
273 691 362 740 totum
380 688 530 754 stertebat3
548 690 586 742 nil
603 690 655 742 fuit
673 705 790 756 uuquam

77 761 120 816 Sic
137 762 226 830 impar
243 761 418 816 sibi-Nunc
434 763 533 831 aliquis
551 763 625 816 dicat
642 763 724 816 mihi:
743 762 836 827 “Quid
852 764 901 816 tul

76 836 194 890 Nullane
205 835 290 890 habes
300 837 400 890 vitias
425 838 513 890 Immo
530 838 583 891 alia
595 841 625 891 et
637 839 752 890 fortasse
763 839 874 892 minora.
897 853 921 892 rc

77 911 202 965 Maenius
219 911 358 964 absentem
376 912 402 964 N
404 912 493 965 ovium
511 929 572 966 cum
590 916 721 981 carperet,
740 912 837 966 “Heus
854 912 908 980 tu,”

77 985 193 1049 Quidam
211 985 257 1054 ait,
276 987 402 1054 “ignoras
419 990 456 1054 te,
474 1003 508 1040 an
525 991 562 1040 ut·
574 987 696 1055 ignotum
714 987 780 1040 dare
798 987 876 1040 nobis

76 1059 169 1114 Verba
185 1061 309 1128 putasl’?
333 1061 468 1129 “Egomet
486 1062 523 1114 mi
540 1062 670 1130 ignosco,”
685 1062 809 1116 Maenius
824 1062 921 1130 inquit

78 1135 185 1189 Stultus
203 1139 232 1188 et
249 1135 388 1204 improbus
405 1136 449 1188 liic
467 1152 543 1189 amor
560 1140 602 1190 est
620 1137 772 1205 dignusque
790 1137 886 1193 notari.

78 1210 145 1263 (lum
162 1213 212 1264 tua
228 1210 371 1278 pervideas
389 1211 472 1264 oculis
489 1211 560 1264 mala
576 1211 666 1279 lippus
683 1211 807 1284 inunctis,
898 1226 921 1266 ss

78 1285 133 1338 Gur
148 1285 178 1338 in
195 1285 341 1360 amicorum
358 1285 432 1338 vitiis
449 1288 507 1338 tam
524 1286 613 1339 cernis
630 1289 739 1339 acutum

78 1359 163 1422 Quam
171 1364 220 1414 aut
227 1361 318 1428 aquila
324 1364 373 1431 aut
381 1377 492 1429 serpens
501 1359 681 1431 Epidaurius?
700 1361 740 1414 At
756 1359 808 1414 tibi
819 1363 913 1416 eontra

78 1435 183 1502 Euenit,
201 1434 340 1504 inquirant
356 1435 424 1488 vitia
440 1439 472 1488 ut
489 1438 538 1488 tua
554 1445 648 1488 rursus
666 1438 695 1488 et
711 1435 757 1488 illi.

78 1509 238 1564 Iracunffior
255 1514 298 1563 est
314 1510 401 1578 paulo,
420 1510 509 1563 minus
526 1513 608 1578 aptus
624 1509 711 1563 acutis

77 1585 198 1638 Naribus
215 1585 310 1637 horum
327 1584 481 1649 hominum
498 1584 583 1637 rideri
599 1585 684 1652 possit
701 1600 733 1637 eo
750 1584 824 1652 quod
899 1600 922 1640 so

78 1660 216 1713 Rusticius
232 1663 311 1712 tonso
327 1662 392 1726 toga
408 1659 504 1712 defluit
521 1662 551 1720 et
568 1659 637 1712 male
654 1659 731 1712 laxus

78 1735 112 1786 ln
129 1735 201 1808 pede
219 1734 322 1787 calceus
339 1733 447 1788 haeret:
465 1737 494 1787 at
511 1737 554 1787 est
571 1733 657 1786 bonus
674 1737 706 1786 ut
723 1733 818 1786 melior
838 1733 877 1786 vir

77 1809 103 1861 N
104 1825 139 1862 on
157 1809 225 1862 alius
239 1809 388 1876 qrrisquam,
405 1811 434 1862 at
447 1807 498 1862 tibi
512 1809 620 1875 amicus,
634 1812 664 1861 at
676 1809 813 1874 ingenium
827 1809 922 1876 ingens

78 1883 185 1936 Inculto
202 1882 272 1936 latet
288 1882 339 1935 hoc
356 1883 407 1936 sub
424 1897 543 1951 corpore.
577 1883 702 1950 Denique
719 1887 748 1935 te
765 1882 853 1950 ipsum

62 1957 199 2011 ·Ooucute
215 1973 280 2010 num
298 1973 351 2026 qua
368 1957 420 2010 tibi
437 1957 564 2012 vitiorum
581 1957 709 2010 inseverit
726 1957 790 2010 olim
899 1974 922 2013 as

78 2033 191 2099 Natura,
210 2037 258 2090 aut
275 2033 358 2086 etiam
375 2031 542 2086 consuetudo
559 2032 649 2097 mala;'
662 2048 778 2100 namque

79 2106 104 2159 N
106 2107 219 2174 eglcotis
235 2107 340 2160 urenda
356 2107 414 2160 filix
431 2103 580 2160 innascitur
597 2107 675 2174 agris.

80 2181 148 2235 lNuc
164 2186 375 2250 praevertemur,
393 2185 541 2236 amatorem
558 2181 632 2248 quod
649 2181 751 2236 amicae

79 2257 178 2324 Turpia
195 2256 335 2323 decipiunt
352 2272 460 2309 caecum
477 2255 551 2324 vitiu,
568 2259 615 2308 aut
633 2256 715 2308 ctiam
732 2256 792 2325 ipsa
808 2257 876 2311 hacc

79 2331 228 2398 Delectant,
246 2331 331 2385 veluti
349 2331 492 2402 Balbinum
510 2331 622 2398 polypus
640 2331 762 2398 Hagnae.
898 2347 921 2386 ro

79 2406 185 2460 l'eNcm
201 2405 230 2458 in
248 2405 366 2458 amicitia
383 2406 421 2458 sic
439 2421 605 2469 erraremus-5
624 2409 653 2458 et
669 2405 714 2459 ist'

79 2481 171 2534 Emori
188 2497 286 2533 nomen
304 2480 390 2534 virtus
407 2480 542 2548 posuisset
559 2479 709 2534 honestum.

78 2557 117 2610 At
134 2558 263 2624 poterut
279 2555 354 2621 gnati
372 2555 410 2608 sic
427 2571 475 2608 nos
493 2553 624 2608 debemus
641 2555 721 2608 amici

77 2629 105 2683 Si
123 2629 196 2698 quod
214 2629 250 2683 sit
267 2630 362 2682 vitium
379 2645 433 2682 uon
450 2628 590 2684 fastidire:
609 2629 763 2685 strabonem

78 2705 207 2774 Appellat
223 2708 334 2773 paetum
351 2707 437 2772 pater,
456 2707 485 2758 et
501 2704 605 2772 pullum
623 2704 692 2758 male
709 2721 808 2774 parvus
898 2722 921 2762 re

77 2779 105 2832 Si
123 2777 168 2832 eui
186 2779 257 2832 illius
275 2783 324 2846 est,
342 2781 374 2832 ut
392 2777 530 2832 abortivus
547 2778 601 2831 fuit
617 2779 681 2831 olim

76 2853 220 2923 Sisyphum
237 2854 308 2906 lumc
325 2869 419 2906 varum
438 2853 562 2906 distortis
579 2853 718 2918 cruribus3
734 2853 810 2907 illum

75 2927 200 2982 Balbutit
218 2943 342 2981 scaurum
359 2928 449 2995 pluvis
466 2927 565 2980 fultum
582 2927 653 2980 malo
670 2927 740 2981 talis.
776 2945 778 2951 ⁴

76 3001 187 3057 Parcius
203 3003 248 3056 hio
264 3002 338 3068 vivit,
356 3003 428 3070 frugi
446 3001 559 3055 dicatur.
595 3002 708 3068 Ineptus
803 3015 804 3022 ¹

75 3076 110 3131 lit
122 3077 273 3147 jactantior
290 3076 334 3132 hic
350 3077 430 3146 paulo
448 3079 497 3142 est,
516 3074 660 3127 concinnus
679 3073 771 3127 amicis
895 3093 919 3130 so

75 3152 199 3208 Postulat
216 3151 398 3214 studeatur.
434 3152 473 3204 At
491 3152 533 3212 est
550 3147 728 3200 truculentior
746 3152 829 3216 atque
