2126 3410
11 179 13 214 l

342 143 555 194 SATIRARUM
572 143 596 192 1.
615 144 638 192 1.
797 98 803 110 ⁵
867 145 912 194 1⁰5

71 219 135 276 Sese
152 219 233 290 ferre,
253 235 331 278 senes
348 221 426 278 utin
443 225 498 278 otia
514 227 576 278 tuta
592 223 730 292 recedant,

11 315 13 324 ‚
72 295 164 363 Aiunt,
182 315 267 366 quum
285 292 337 350 sibi
355 299 411 352 sint
429 302 556 366 congesta
574 299 686 354 cibaria:
706 299 776 353 sicut

72 368 192 438 Pure-uls,
210 389 274 426 nam
292 372 415 440 exemplo
433 377 483 440 est,
501 375 591 441 magni
609 375 720 427 formica
737 373 837 426 laberis
917 407 934 435 e

11 461 12 464 ’
73 444 126 500 Ore
142 447 228 500 trahit
247 447 427 516 quodeunque
443 451 535 516 petest
552 452 636 516 atque
654 449 733 501 addit
750 464 852 514 acervo,

73 520 157 584 Quem
175 522 257 575 struit
274 521 347 574 haud
363 523 459 590 ignara
475 539 507 576 ae
524 539 576 575 non
593 524 701 576 incauta
717 523 809 575 futuri.
888 534 911 576 rt

73 595 154 664 Quae,
172 597 251 650 simul
268 596 404 650 inversum
421 597 564 651 contristat
582 597 719 665 Aquarius
736 613 843 664 anuum,

74 669 133 722 Non
150 687 265 740 usquam
282 671 406 740 prorepit
423 675 451 724 et
468 671 522 724 illis
538 672 627 725 utitur
643 675 707 724 ante

75 743 206 806 Quaesitis
223 745 345 813 sapieus3
363 762 447 814 quum
463 749 493 800 te
510 763 599 814 neque
615 746 736 799 fervidus
752 749 843 798 aestus

74 817 219 872 Demoveat
237 820 318 886 luero,
336 836 425 888 neque
442 820 535 887 hiems,
552 821 630 888 ignis,
647 836 730 887 mare,
747 820 856 886 ferrum,

74 893 119 946 Nil
135 895 226 948 obstet
243 894 294 947 tibi
312 895 378 948 dum
394 911 430 948 ne
448 895 485 948 sit
501 899 530 948 te
549 895 632 948 ditior
648 894 725 947 alter.
887 890 911 947 se

75 967 144 1030 Quid
156 968 238 1036 juvat
255 969 415 1022 immensum
432 973 462 1023 te
478 970 585 1037 argenti
603 969 710 1038 pondus
728 972 757 1023 et
773 968 833 1022 euri

76 1041 177 1095 Furtim
195 1044 302 1097 defossa
318 1045 445 1097 timidum
464 1044 600 1113 deponere
617 1045 708 1097 terrai

75 1117 174 1180 “Quod
192 1119 215 1170 si
232 1119 396 1172 comminuas
414 1119 495 1172 vilem
513 1119 654 1186 redigatur
671 1118 707 1172 ad
724 1118 833 1171 essem.’'

75 1192 113 1244 At
128 1192 157 1246 ni
173 1191 204 1246 id
221 1193 254 1246 lit
271 1193 338 1262 quid
355 1193 438 1246 habet
455 1193 561 1262 pulchri
579 1196 748 1246 eonstmetus
766 1194 895 1248 acervusl

74 1265 159 1320 Miltia
175 1268 304 1321 humenti
321 1272 370 1321 tua
387 1267 495 1321 triverit
512 1285 575 1320 area
592 1271 708 1334 eentum,
889 1281 913 1324 lt

75 1340 133 1394 Non
150 1345 215 1395 tuus
232 1342 283 1394 hoe
300 1342 390 1410 capiet
407 1346 503 1396 venter
519 1343 581 1410 plue
598 1358 629 1395 ae
646 1358 735 1396 meus:
753 1344 785 1396 ut
802 1341 826 1394 si

75 1415 227 1470 Reticulum
244 1417 320 1484 penis
338 1417 446 1470 venales
463 1418 537 1471 inter
555 1419 661 1470 onusto'

74 1490 156 1545 Forte
173 1491 256 1546 vehas
273 1491 393 1559 humere,
411 1491 495 1544 nihilo
512 1491 573 1559 plus
591 1491 705 1558 accipias
723 1506 805 1558 quam

74 1565 125 1628 Qui
141 1565 181 1618 nil
198 1566 321 1634 pertarit.
357 1566 410 1620 Vel
428 1567 472 1619 die
490 1567 557 1634 quid
574 1566 676 1620 referat
692 1565 765 1619 intra

73 1641 194 1694 Naturae
210 1641 277 1694 fines
294 1641 404 1708 viventi,
418 1641 517 1709 jugera
534 1645 642 1694 centum
660 1658 694 1694 au
890 1655 915 1696 to

74 1715 149 1769 Mille
167 1717 242 1769 creti
257 1755 261 1762 .
278 1715 341 1769 “At
359 1729 440 1769 suave
458 1719 502 1769 est
519 1731 553 1769 ex
570 1731 668 1782 magne
685 1715 781 1768 tollere
799 1717 915 1770 acerve?

11 1843 12 1848 ,
74 1789 144 1844 Dum
162 1806 197 1844 ex
213 1807 296 1859 parvo
314 1790 392 1843 nobis
410 1791 571 1844 tantundem
588 1791 698 1844 haurire
716 1790 859 1858 relinquas,

73 1865 128 1918 Cur
144 1868 194 1919 tua
210 1865 270 1934 plus
288 1865 383 1919 leudes
400 1866 516 1920 cumeris
533 1867 657 1934 granaria
674 1865 790 1928 nostris?

72 1940 112 1993 Ut
128 1938 182 1994 tibi
198 1940 222 1995 si
240 1939 277 1994 sit
294 1955 362 2010 opus
379 1941 476 2010 liquidi
490 1951 547 1994 ‘non
564 1941 680 2008 emplim
697 1957 772 2008 urna,

72 2015 126 2071 Vel
144 2014 249 2082 cyatho,
267 2018 296 2068 et
313 2015 395 2084 dicas,
414 2016 537 2083 “Magno
555 2016 590 2069 de
607 2015 717 2068 flumine
734 2015 826 2068 malim
894 2031 918 2072 ⁵⁵

73 2089 161 2152 Quam
178 2105 213 2142 ex
229 2089 279 2142 hoe
297 2090 425 2144 fonticulo
443 2091 605 2144 tantundem
624 2090 752 2144 sumere.’'
777 2091 817 2144 Eo
835 2091 868 2144 fit

73 2163 183 2218 Plenior
200 2166 232 2217 ut
249 2164 273 2216 si
291 2181 358 2232 quos
376 2165 495 2220 delectet
512 2166 589 2233 eopia
601 2165 679 2232 justo

73 2240 143 2294 Cum
159 2239 220 2308 ripa
237 2239 316 2293 simul
334 2241 440 2294 avulsos
456 2242 527 2294 ferat
545 2241 663 2306 Aufidus
680 2257 749 2295 acer.

73 2317 114 2373 At
131 2313 179 2384 qui
196 2313 377 2382 antuieget
394 2320 496 2384 quanto
514 2319 557 2369 est
575 2332 643 2384 opus
659 2317 684 2370 is
701 2333 790 2386 neque
808 2316 872 2369 limo

73 2389 853 2459 turhatamhauritequamnequevitamamittitinundis
896 2405 919 2445 eo
954 2442 956 2447 .

74 2465 115 2518 At
131 2464 204 2519 bona
217 2463 285 2533 'pars
301 2464 439 2517 hominum
457 2464 571 2535 decepte
588 2467 715 2534 cupidine
731 2467 806 2534 false,

74 2538 144 2591 “Nil
156 2539 222 2592 sutis
234 2539 298 2605 est,’'
308 2539 413 2607 inquit;
424 2539 511 2608 “quia
519 2541 591 2594 tanti
603 2546 734 2610 quantum
746 2541 847 2593 habeas
860 2539 917 2593 sisl‘

76 2613 149 2676 Quid
166 2614 248 2666 facias
265 2613 322 2668 illit
357 2613 461 2667 «Iubeas
478 2615 607 2668 miserum
625 2631 685 2669 esse
702 2615 820 2667 libenter

76 2688 215 2752 Quatenus
231 2687 261 2740 id
278 2688 358 2753 fucit3
374 2691 407 2741 nt
424 2689 533 2756 quidem
554 2693 718 2745 memoratur
736 2689 854 2742 Athenis

76 2763 207 2816 Sordidus
224 2778 255 2816 ae
273 2762 355 2829 dives,
374 2763 465 2831 populi
482 2771 654 2818 contemnere
671 2779 749 2816 voees
896 2779 918 2818 es

76 2835 120 2890 Sic
137 2837 245 2891 solitus:
264 2836 405 2906 “Populus
423 2855 467 2892 me
485 2839 590 2903 sibilat3
608 2842 637 2892 at
654 2837 720 2890 mihi
737 2837 838 2906 plaudo

77 2911 140 2979 Ipse
157 2911 231 2964 domi
250 2911 329 2965 simul
346 2929 378 2966 ae
395 2929 517 2967 nummos
535 2913 701 2980 contemplor
717 2911 746 2964 in
764 2913 849 2966 arcu.''

76 2985 204 3040 i'antalus
221 2986 338 3040 ulubris
356 2988 449 3043 sitiens
466 2989 598 3058 fugientia
614 2989 705 3053 captat

77 3059 336 3126 Flumina....Quid
353 3063 444 3119 ridesl
461 3066 567 3118 mutato
583 3061 691 3112 nomine
709 3061 744 3116 de
761 3067 792 3118 te

11 3169 14 3190 1
76 3133 176 3192 Fabula
194 3140 333 3192 narretur:
352 3137 486 3204 congestis
502 3134 622 3202 undique
640 3135 723 3188 suecis
823 3171 826 3177 ,
893 3151 918 3190 re
