2116 3424
393 127 594 178 OARMINUM
612 132 633 176 1.
655 134 691 178 12.
951 134 965 180 t

223 205 313 270 Quem
331 207 433 262 derunt
469 207 555 276 Oujrm
573 208 676 262 recinet
688 208 783 276 jocosa
924 226 926 230 ·

257 281 365 334 Nomen
382 282 472 350 imago

222 355 284 410 Aut
299 355 327 407 in
345 356 480 410 umbrosis
499 357 639 412 Heliconis
657 359 711 414 oris
946 379 960 424 s

221 432 283 484 Aut
301 447 384 500 super
402 432 496 500 Pindo,
514 433 640 501 gelidove
656 435 685 486 in
704 435 809 490 Haemo

221 505 305 560 Unde
323 507 441 560 vocalem
459 511 563 562 temere
580 509 718 564 insecutae

257 579 368 648 Orphea
385 583 470 636 silvae

222 655 294 709 Arte
311 660 435 710 materna
451 657 562 728 rapidos
579 664 729 714 morantem

221 729 378 784 Fluminum
396 732 488 802 lapsus
505 734 663 804 celeresque
680 741 783 801 ventos,
946 752 968 794 rc

221 804 358 860 Blandum
375 811 405 862 et
422 809 525 863 auritas
542 811 643 864 fidibus
660 813 764 866 canoris

256 879 365 936 Ducere
383 886 517 952 quercus?

220 953 295 1018 Quid
312 957 388 1025 prius
405 958 494 1012 dicam
512 960 599 1014 solitis
615 963 738 1030 parentis

219 1030 368 1099 Laudibus,
384 1034 433 1102 qui
452 1051 496 1088 res
513 1035 650 1090 hominum
669 1053 700 1091 ao
717 1038 835 1106 deorum

219 1105 274 1170 Qui
292 1123 366 1162 mare
385 1125 416 1162 ao
434 1113 522 1164 terras
539 1112 675 1180 variisque
693 1114 823 1167 mundrun
943 1129 965 1170 rs

256 1181 400 1252 Temperat
418 1185 510 1240 horisl

218 1255 304 1318 Unde
320 1257 358 1310 nil
375 1259 464 1327 majus
481 1265 627 1328 generetur
643 1261 710 1330 ipso,

219 1329 281 1384 Nec
298 1332 371 1400 viget
389 1335 537 1404 quidquam
555 1337 644 1390 simile
661 1341 709 1392 aut
726 1338 886 1394 seeundum:

218 1405 362 1460 Proximos
379 1408 418 1461 illi
435 1413 527 1464 tamen
545 1413 686 1480 occupavit

256 1481 345 1534 Pallas
362 1483 484 1538 honores.

218 1553 335 1609 Proeliis
353 1559 442 1612 audax
460 1577 549 1630 neque
567 1565 596 1615 te
614 1563 700 1618 silebo

218 1630 312 1698 Liber,
329 1635 358 1686 et
376 1635 462 1687 saevis
479 1635 587 1690 inimice
605 1638 690 1706 Virgo

219 1705 322 1774 Beluis,
340 1711 443 1775 necte,
461 1713 608 1766 metuende
625 1718 701 1768 certa

143 1815 151 1827 ..
256 1780 365 1836 rhoebe
382 1785 488 1851 sagita

216 1855 316 1909 Dicam
333 1861 363 1911 et
381 1860 498 1914 Alciden
515 1879 668 1932 puerosque
686 1865 785 1934 Ledae,

217 1931 302 1985 Hunc
318 1933 404 2002 cquis,
421 1935 497 1989 illum
516 1953 646 2006 superare
663 1942 760 2008 pugnis

217 2005 362 2074 Nobilem3
380 2026 494 2077 quorum
513 2013 592 2066 simul
610 2015 672 2068 alba
689 2018 779 2072 nautis

254 2080 339 2136 Stella
356 2084 470 2153 refulsit,
807 2087 815 2104 '

216 2155 325 2211 Defluit
342 2160 413 2212 saxis
430 2161 550 2229 agitatus
567 2164 672 2233 humor,

216 2231 374 2286 concidunt
390 2237 464 2289 venti
482 2237 644 2308 fugiuntque
661 2241 754 2310 nubes,

216 2305 257 2362 Et
274 2307 372 2376 minax,
390 2311 465 2378 quod
483 2313 521 2366 sic
538 2315 656 2383 voluere,
672 2322 755 2386 ponto

253 2381 336 2436 Unda
353 2386 493 2440 recumbit.

216 2455 365 2512 Romulum
382 2465 445 2528 post
461 2462 510 2515 hos
527 2463 602 2531 prius
620 2481 654 2519 an
673 2468 795 2536 quietum

216 2531 335 2600 Pompili
353 2551 467 2602 regnum
485 2554 633 2594 memorem
650 2558 685 2595 an
704 2545 835 2612 superbos

215 2606 347 2676 Tarquini
365 2611 452 2664 fasces
470 2613 573 2682 dubito,
591 2631 626 2668 an
645 2617 754 2672 Catonis

252 2682 352 2738 Nobile
369 2685 461 2753 letum.

215 2756 353 2825 Regulum
371 2765 399 2814 ct
417 2763 538 2831 Scauros,
556 2765 716 2836 animaeque
732 2785 845 2838 magnae

215 2831 366 2902 Prodigum
385 2837 508 2890 Paullum
526 2846 671 2906 superante
690 2844 787 2909 Poeno,

216 2905 319 2961 Gratus
336 2909 435 2978 insigni
453 2913 569 2967 referam
589 2915 713 2989 Camena,

252 2981 468 3054 Fabriciumque.

215 3054 299 3110 Hunc
316 3062 345 3111 et
361 3059 503 3128 incomptis
522 3061 633 3115 Curium
651 3067 754 3134 capillis

215 3130 321 3185 Utilem
339 3131 409 3185 bello
427 3135 491 3186 tulit
509 3137 538 3187 et
557 3135 698 3190 Camillum
