2116 3424
386 195 390 204 .
413 149 566 200 HORATII
584 149 711 196 FLAGCI

277 232 358 287 Nune
375 235 404 285 et
421 231 533 284 latentis
550 229 674 298 proditor
691 227 788 282 intimo

277 307 379 364 Gratus
394 307 501 374 puellae
518 305 589 358 risus
606 305 641 359 ab
658 304 763 372 angulo,

311 382 467 451 Pignusque
484 381 628 448 dereptum
645 379 755 433 lacertis

346 459 406 512 Aut
423 457 510 526 digito
528 456 599 510 male
616 453 756 525 pertinaci.

548 596 581 652 X

278 681 413 736 Murcum
431 679 547 734 facunde
564 694 648 748 nepos
666 678 794 745 Atlantis,

279 757 331 820 Qui
348 757 421 810 feros
438 756 528 809 cultus
545 755 684 808 hominum
701 759 839 810 recentum
870 783 872 788 v

278 831 353 885 Voee
369 831 492 884 formasti
509 834 586 884 catus
604 834 633 884 et
650 830 764 883 decorae

312 907 390 960 More
407 906 566 974 palaestrae,

279 979 316 1035 Te
332 998 426 1035 canam
443 981 532 1049 magni
550 981 628 1034 Jovis
645 983 673 1034 et
691 979 803 1034 deorum

279 1056 412 1112 Nuntium
430 1073 582 1126 curvaeque
599 1057 673 1124 lyrae
689 1061 836 1124 parentem,

279 1133 414 1187 Callidum
433 1133 567 1202 quidquid
584 1131 686 1201 plaeuit
698 1131 793 1206 jocoso

313 1207 436 1261 Condere
453 1208 534 1262 furto.

279 1282 318 1337 Te
335 1282 418 1337 boves
435 1283 500 1336 olim
517 1283 569 1336 nisi
587 1283 769 1337 reddidisses·
835 1277 841 1283 '

278 1356 333 1412 Per
350 1358 442 1411 dolum
459 1363 563 1412 amotas
580 1375 694 1427 puerum
712 1359 808 1412 minaei

278 1433 353 1488 Voce
371 1433 437 1487 dum
453 1438 547 1501 terret,
565 1433 663 1487 viduus
680 1434 808 1502 pharetra

313 1509 386 1564 Risit
403 1510 509 1578 Apollo.

279 1583 350 1649 Quin
367 1588 396 1639 et
414 1586 529 1639 Atridas
546 1585 615 1639 duee
632 1587 662 1638 te
679 1584 811 1655 superbos

279 1659 331 1714 Ilio
348 1661 426 1715 dives
444 1661 568 1714 Priamus
586 1661 680 1714 relicto

279 1735 474 1804 Thessalosque
492 1737 569 1804 ignes
586 1740 616 1790 et
632 1736 726 1805 iniqua
743 1733 839 1803 Trojae

314 1812 411 1865 Castra
427 1812 530 1865 fefellit.
850 1826 854 1832 ’

280 1884 321 1938 Tu
337 1886 396 1954 pias
413 1886 492 1939 laetis
510 1887 612 1960 animas
629 1887 738 1956 reponis

279 1960 398 2015 Sedibus
416 1963 546 2031 virgaque
564 1962 651 2016 levem
669 1967 776 2016 coemes

264 2104 267 2109 ³
281 2036 374 2090 Aurea
391 2037 506 2106 turbam,
525 2038 631 2107 superis
648 2037 760 2091 deorum

314 2111 415 2166 Gratus
432 2118 461 2168 et
478 2114 547 2168 imis.
849 2131 853 2137 ’
966 2129 990 2168 ao

541 2257 592 2312 XI.

143 2337 185 2391 '1¹11
202 2352 237 2391 ne
254 2337 499 2412 quaesieris,1seire
516 2340 599 2406 nefas,
618 2355 698 2408 quem
716 2337 791 2406 mihi,
809 2353 891 2407 quem
907 2336 957 2391 tibi

144 2412 239 2466 Finem
257 2413 286 2466 di
304 2413 438 2482 dederint,
457 2414 606 2482 Leuconoe]
624 2431 674 2468 nee
692 2413 855 2482 Babylonios

144 2487 268 2542 Tentaris
284 2505 418 2543 numeros.
453 2491 494 2544 Ut
510 2491 607 2543 melius
625 2489 760 2559 quidquid
777 2489 831 2542 erit
848 2487 913 2558 pati,

144 2562 198 2616 Seu
215 2563 306 2632 plures
323 2563 426 2619 hiemes
444 2581 491 2618 seu
508 2565 606 2618 tribuit
623 2565 754 2634 Juppiter
770 2563 900 2628 ultimam,

144 2638 219 2702 Quae
236 2655 307 2692 nune
324 2640 455 2707 oppositis
472 2639 598 2694 debilitat
615 2640 767 2708 pumicibus
784 2655 860 2692 mare
977 2653 988 2690 s

144 2712 318 2781 Tyrrhenum.
354 2715 456 2783 Sepias,
475 2715 536 2768 vina
554 2716 649 2784 liques,
668 2719 697 2769 et
715 2715 802 2783 spatio
820 2712 896 2766 brevi

144 2787 228 2856 Spem
245 2789 351 2859 longam
369 2805 483 2844 reseces.
518 2790 591 2844 Dum
608 2791 744 2859 loquimur
761 2789 864 2856 fugerit
880 2785 970 2840 invida

145 2863 247 2918 Aetas:
264 2881 345 2933 carpe
363 2865 437 2919 diem
456 2882 536 2934 quem
554 2866 695 2919 minimmn
713 2865 823 2918 credula
840 2866 952 2934 postero.

534 3008 603 3062 XII.

249 3087 334 3151 Quen
350 3087 438 3141 vinnm
455 3092 504 3142 aut
520 3089 603 3143 heroa
620 3089 677 3157 lyra
693 3088 737 3143 vel
754 3085 810 3143 aeri

249 3161 327 3216 'libia
344 3163 428 3216 sumis
445 3163 592 3231 celebrare,
610 3164 675 3232 clio,
