2144 3420
112 139 160 202 aar
362 185 367 192 ,
386 137 540 188 nonaria
556 139 686 190 amcos

113 215 263 272 Mutandae
280 215 356 272 locus
372 222 415 273 est
432 221 461 274 et
475 219 634 274 deversoria
651 223 717 276 nota
938 240 965 280 re
1056 264 1057 292 ,

113 293 349 361 Praeteregendus
361 311 455 363 equus.
482 296 562 360 “Quo
572 295 681 350 tendisl
702 295 729 349 N
731 311 766 350 on
778 297 844 351 mihi
857 297 964 354 (lamas

114 369 164 422 Est
181 369 235 422 iter
252 367 300 422 adt
317 369 420 438 Baias,'’
438 369 515 424 laeva
532 371 716 425 stomachosus
733 370 841 425 habena

114 443 195 498 Dicet
212 460 311 512 cques;
328 445 378 499 sed
395 444 458 514 equi
476 445 583 500 frenato
601 450 644 501 est
659 448 733 501 auris
750 448 779 500 in
796 448 859 513 ore.)
954 471 956 478 ¹
1057 471 1058 480 ¹

113 518 204 586 Major
219 523 313 577 utrum
329 520 458 588 populum
475 521 606 575 frumenti
623 522 700 591 copia
716 526 826 591 paseat;

114 593 282 650 Collectosne
299 594 395 650 bibant
411 594 513 649 imbres
529 599 663 664 puteosne
679 612 815 665 perennes
834 631 836 634 -
939 611 963 652 ιι

114 669 195 737 Jugis
212 686 312 739 aqrme;
331 672 402 736 (nam
419 670 482 724 vina
498 669 565 724 nihil
582 673 674 724 moror
689 671 762 724 illius
779 687 858 736 oree;
1058 673 1059 692 i

115 745 190 798 Rure
207 762 268 799 meo
285 761 395 816 possum
412 745 520 814 quidvis
536 746 658 814 perferre
675 746 794 816 patique,

115 819 163 872 Ad
179 837 254 873 mare
271 837 333 874 cum
350 821 412 875 veni
428 836 589 888 generosum
607 825 636 875 et
653 815 714 874 lehc
731 821 847 890 requiro,

115 895 195 959 Quod
212 912 291 949 curas
307 895 407 963 abigat,
425 895 578 964 quodcum
595 913 644 966 spe
662 895 748 950 divite
765 899 857 950 manet

116 970 150 1024 In
168 987 251 1026 venes
267 970 441 1040 animumque
458 987 556 1036 meum,
573 971 648 1040 quod
664 971 747 1025 verba
763 971 907 1037 ministret,
936 985 961 1024 eo

116 1045 196 1110 Quod
213 1063 257 1100 me
274 1046 397 1100 Lucanae
410 1045 539 1114 juvenem
556 1046 728 1100 commendet
746 1045 863 1114 amicae.)
879 1043 982 1155 'A'
1017 1092 1033 1113 Ι
1060 1080 1061 1118 3

7 1165 8 1170 ,
17 1155 50 1205 ,N
63 1145 89 1195 ι)
116 1121 229 1176 Tractus
246 1124 310 1176 uter
326 1121 417 1189 plures
434 1121 547 1247 lepprry,
565 1123 629 1174 uter
646 1121 746 1175 educet
763 1138 856 1192 apros,
973 1107 1029 1152 Ι)
1060 1165 1061 1180 ,

89 1197 188 1269 „Utra
204 1196 290 1263 magis
307 1197 394 1264 pisces
411 1199 440 1248 et
457 1212 565 1271 cennos
583 1212 702 1264 aequora
717 1196 851 1264 celent,2
871 1188 989 1246 ‘haam
1000 1203 1029 1232 ¹-

72 1269 228 1342 ''²l'inguis
245 1270 359 1324 atinde
377 1270 486 1325 domum
503 1270 604 1338 possim
623 1270 785 1339 Pheeaxque
802 1272 912 1337 reverti,
1061 1289 1062 1296 ¹

116 1345 240 1402 Scribere
257 1349 287 1400 te
304 1345 388 1410 nobis,
405 1344 456 1398 tibi
473 1361 523 1400 nos
539 1345 684 1400 accredere
700 1362 752 1414 per
768 1349 819 1401 est
936 1359 962 1402 ss

116 1422 248 1490 Maenius,
266 1425 298 1475 ut
315 1420 397 1474 rebus
414 1420 544 1474 maternis
561 1424 645 1490 atque
662 1421 784 1489 paternis

117 1497 238 1552 Fortiter
255 1495 406 1564 absumptis
423 1494 542 1548 urbanus
560 1495 650 1563 coepit
666 1495 770 1562 haberi,

116 1573 215 1626 Scurra
231 1589 315 1639 vagus
332 1587 385 1626 non
402 1570 449 1638 qui
460 1573 571 1624 ¹eertum
588 1587 720 1639 praesepe
740 1573 856 1639 teneret,

117 1648 275 1716 Inrpransus
292 1663 346 1700 non
363 1645 411 1714 qui
428 1646 514 1699 civem
531 1645 686 1700 dinosceret
702 1646 788 1713 hoste,
1063 1690 1064 1724 ι

117 1723 261 1786 Quaelibet
278 1722 306 1776 in
324 1720 446 1790 quemvis
463 1719 609 1788 opprobria
626 1721 730 1789 fingere
747 1737 851 1789 saevias,
939 1737 964 1776 co
1063 1739 1064 1742 ¹

117 1797 254 1850 Pernicies
271 1800 300 1850 'et
317 1799 464 1864 tempestas
481 1794 693 1864 barathmmque
711 1795 825 1864 macelli,

117 1871 257 1940 Quidquid
275 1871 429 1940 quaesierat
445 1869 535 1924 ventri
554 1869 674 1923 donabat
692 1885 781 1924 avaro.
851 1925 856 1928 ,
891 1927 904 1932 ,,

117 1946 172 1999 Hic
188 1945 391 2014 ubi-nequitiae
407 1944 560 1998 fautoribus
578 1948 608 1999 et
625 1943 729 1998 timidis
745 1942 784 1998 nil

84 2019 747 2162 restauraretur
762 2032 850 2158 aa

118 2170 226 2224 Scilicet
242 2173 275 2222 ut
292 2171 401 2222 ventres
418 2167 508 2222 lamna
525 2169 660 2222 candente
678 2173 806 2237 nepotum

117 2245 229 2299 Diceret
245 2242 371 2308 urendos,
390 2246 527 2298 corrector
545 2243 662 2300 Bestius.
700 2243 779 2297 Idem

119 2319 259 2388 Quidquid
275 2321 336 2372 erat
352 2322 448 2372 nactus
464 2317 585 2398 ppaedae
602 2319 714 2385 majoris
730 2317 778 2372 ubi
796 2334 877 2372 omne

118 2396 248 2449 Verterat
265 2393 293 2446 in
310 2393 414 2446 fumum
432 2395 461 2445 et
478 2391 604 2460 cinerem,
627 2393 710 2446 “Non
727 2392 838 2446 hercule
855 2393 962 2458 miror,''

119 2469 227 2537 Aiebat,
246 2467 287 2520 “si
305 2467 352 2536 qui
370 2466 516 2520 comedunt
532 2465 611 2532 bona,
629 2483 690 2520 cum
709 2467 746 2520 sit
763 2466 846 2520 obeso
939 2483 964 2520 re

119 2546 165 2598 Nil
182 2545 278 2598 melius
294 2541 385 2609 turdo,
403 2542 441 2594 nil
457 2541 538 2594 vulva
554 2542 693 2610 pulchrius
710 2542 821 2611 ampla”

117 2619 253 2673 Nimirum
270 2616 314 2670 hic
331 2632 382 2683 ego
400 2631 481 2679 sum;.
491 2632 554 2668 nam
572 2619 633 2669 tuta
649 2620 679 2670 et
695 2617 808 2686 par-mla
824 2616 906 2672 laudo

119 2695 187 2748 Cum
205 2709 249 2747 res
267 2691 404 2757 deficiunt,
423 2689 489 2744 satis
505 2689 579 2744 inter
595 2691 658 2744 vilia
674 2692 769 2755 fortis;

118 2770 223 2822 Verum
239 2766 286 2820 ubi
304 2764 372 2834 quid
388 2765 484 2818 melias
502 2765 635 2832 contingit
650 2769 682 2819 et
699 2767 807 2819 uacuus
823 2765 897 2820 idern

118 2844 176 2894 Vos
194 2857 289 2909 sapere
308 2845 337 2892 et
354 2839 424 2892 solos
442 2839 484 2890 aio
502 2839 572 2892 bene
589 2841 688 2907 virere,
706 2855 838 2908 quorum·
899 2869 903 2876 ·
941 2856 966 2896 ⁴⁵

120 2913 291 2982 Conspicitur
307 2911 402 2967 nitidis
419 2911 533 2966 fundata
550 2915 664 2982 pecunia
681 2913 758 2970 villis
