2126 3410
411 144 743 194 ornumornum.
824 209 827 212 Ι
927 167 932 176 ·

260 223 382 280 Fortuna
399 239 479 277 saevo
496 224 568 277 laeta
585 224 695 290 negotio
713 227 742 276 et

254 298 368 354 'lindum
385 298 548 351 insolentem
565 298 661 350 ludere
677 298 804 366 pertinax

277 374 469 450 ¹Transmutat
486 374 603 426 incertos
621 373 744 439 honores,

329 449 355 502 N
357 465 408 502 une
425 449 498 516 mihi,
516 465 587 502 nune
605 449 650 522 alii
668 448 791 515 benigna.

261 525 356 580 Laudo
372 529 544 589 manentem
562 524 584 577 si
601 525 702 577 celeres
720 525 810 592 quatit

259 599 369 654 Pennas
386 600 494 668 resigno
510 596 581 667 'quae
599 599 684 666 dedit,
702 602 731 652 et
748 615 809 654 mea

296 675 408 729 Virtute
425 692 470 728 me
486 675 592 729 involvo
608 674 775 743 probamque

331 750 492 818 Pauperiem
510 749 568 803 sine
585 749 650 803 dote
667 765 774 817 quaero.

261 824 326 880 Non
343 829 387 878 est
403 841 494 878 meum
512 824 535 876 si
552 824 657 892 mugiat
674 824 775 878 Afrieis
819 847 823 853 ¹

262 900 352 954 Malus
370 899 494 966 procellis
512 899 548 952 ad
565 900 677 952 miseras
694 915 788 966 preces
827 909 831 916 '

296 975 457 1040 Decurrere,
475 977 504 1028 et
520 975 590 1028 votis
606 975 705 1042 pacisci

268 1087 271 1092 .
332 1049 376 1103 Ne
393 1049 506 1116 Cypriae
523 1049 672 1118 Tyriaeque
689 1065 791 1104 merces

253 1123 379 1180 'Addunt
396 1141 476 1177 avaro
494 1124 602 1177 divitias
619 1125 704 1179 mari:
730 1123 734 1130 ’

264 1201 339 1254 Tunc
355 1215 399 1252 me
416 1199 527 1252 biremis
544 1200 680 1268 praesidio
697 1199 811 1267 scaphae

298 1274 398 1328 {lutum
415 1290 465 1342 per
483 1276 608 1342 Aegaeos
624 1275 758 1328 tumultus
792 1303 795 1308 ·

332 1351 411 1402 Aura
427 1348 498 1403 feret
515 1350 692 1418 geminusque
711 1348 813 1404 Pollux.
829 1409 834 1426 ,Ι
883 1364 890 1374 ·

506 1494 596 1550 XXX.

264 1579 355 1634 Exnn1
371 1581 574 1632 mouumentum
592 1594 656 1631 aere
672 1579 815 1646 perennius

264 1655 413 1724 Regalique
429 1654 485 1706 situ
501 1653 774 1721 pyramidum‘altius,

250 1729 344 1794 'Quod
361 1746 414 1782 non
430 1728 518 1782 imber
535 1726 613 1793 edax,
630 1745 684 1780 non
703 1729 804 1796 Aquilo
820 1728 956 1796 impotens
1056 1751 1057 1762 ι

264 1805 355 1858 Possit
372 1804 481 1856 diruere
498 1807 547 1856 aut
563 1802 766 1856 innumerabilis

264 1881 406 1933 Annorum
424 1879 506 1932 series
523 1880 553 1930 et
569 1877 633 1944 fuga
650 1881 809 1945 temporum.

263 1953 290 2007 N
292 1969 327 2006 on
342 1953 429 2006 omnis
445 1953 552 2020 moriar,
571 1952 710 2020 multaque
726 1955 789 2020 pars
807 1956 861 2008 mei

251 2027 372 2081 'Vitabit
390 2027 552 2080 Libitinam:
569 2042 656 2095 usque
673 2043 723 2094 ego
739 2031 849 2095 postera

263 2102 390 2155 Oreseam
407 2101 488 2155 laude
504 2118 599 2155 reeens
616 2102 681 2154 dum
700 2102 861 2172 Capitolium

264 2176 383 2232 Scandet
400 2193 461 2230 cum
477 2177 561 2230 tacita
577 2177 681 2244 virgine
697 2177 828 2244 pontifex,

263 2251 347 2305 Dicar
364 2267 418 2320 qua
434 2251 536 2304 violens
553 2250 687 2319 obstrepit
705 2251 822 2304 Aufidus
898 2283 901 2288 -
1011 2293 1015 2300 .

263 2325 302 2380 Iit
319 2341 373 2394 qua
388 2342 492 2394 pauper
509 2342 595 2394 aquae
613 2326 725 2378 Daunus
742 2325 889 2393 agrestium

264 2400 399 2468 Regnavit
416 2400 583 2469 populorum,
601 2417 635 2453 ex
652 2400 747 2454 humili
763 2405 866 2474 potens,

248 2474 395 2542 ‚Princeps
413 2475 539 2528 Aeolium
556 2491 665 2529 carmen
681 2474 717 2528 ad
735 2475 820 2529 Italos

263 2549 418 2605 Deduxisse
435 2548 537 2604 modos.
570 2549 653 2603 Sume
670 2549 838 2617 superbiam,

264 2624 421 2688 Quaesitam
438 2625 543 2677 meritis
560 2623 671 2677 etmihi
689 2621 822 2692 Delphica
947 2643 973 2686 ιε

264 2697 355 2754 Lauro
371 2699 448 2768 cinge
464 2699 565 2770 volens,
581 2699 761 2774 Melpomene,
778 2712 892 2754 comam.
1047 2709 1051 2718 ·
