2144 3420
108 147 154 197 lii
378 141 530 191 nouam
546 139 676 191 saecul

106 223 231 279 Caesaris
247 222 352 290 aeoepit
369 221 483 289 genibus
498 221 603 286 minoi-3
621 220 704 274 aurea
720 220 814 288 fruges

107 299 204 353 Italiae
220 298 300 367 pleno
318 297 444 350 defundit
462 293 546 364 Copia
563 311 653 350 cornu.
682 343 685 350 .

491 436 575 491 xm.
597 497 600 504 Δ

106 518 149 572 Ur
166 520 382 587 proticiscentem
400 518 479 572 docui
496 522 526 572 te
544 534 625 586 saepe
642 517 745 586 diuque

58 603 59 610 ’
106 596 232 662 Augusto
249 594 349 648 reddes
366 594 473 662 signata
489 593 641 659 volumina,
651 592 724 660 Vini,
743 617 747 628 ·

106 669 135 722 Si
152 669 264 738 validus,
283 669 306 722 si
323 669 412 725 laetus
429 669 489 736 erit,
508 665 531 721 si
548 667 666 736 denique
683 670 793 734 posoet;

100 743 131 795 1Ν
134 759 149 796 o
167 745 257 798 studio
274 743 361 798 nostri
378 759 472 812 pecces
489 743 638 810 odiumque
655 740 758 796 libellis
784 781 787 786 -

105 818 222 872 Sedulus
238 819 368 887 importes
386 835 468 887 opera
485 817 646 872 vehemente
663 816 794 872 minister.

105 893 134 947 si
152 899 181 948 te
198 895 270 948 forte
286 887 363 948 me'ae
379 895 470 961 guaris
487 897 550 946 uret
567 892 672 946 sarcina
688 891 806 959 chartae,

105 969 227 1036 Abjieito
242 971 334 1037 potius
352 985 434 1037 quam
452 984 505 1036 quo
522 967 644 1036 perferre
657 965 764 1035 juberis

105 1043 227 1098 Clitellas
244 1045 319 1098 ferus
336 1044 476 1111 impingas,
495 1043 652 1110 Asinaeque
669 1046 811 1111 paternum

105 1119 259 1187 Cognomen
277 1123 368 1174 vertas
385 1121 414 1172 in
431 1119 516 1172 risum
534 1121 563 1172 et
580 1117 672 1170 fabula
688 1117 745 1170 fias.

30 1251 37 1259 ,
66 1253 71 1262 ‚
105 1194 218 1254 Viribus
235 1195 388 1261 uteris‘per
404 1193 630 1261 elisos,·flumina‚
649 1192 750 1257 lamas;
928 1204 953 1244 iu

5 1252 223 1397 wimer
217 1268 350 1344 propositi
367 1268 448 1321 simul
464 1284 496 1320 ae
512 1266 668 1336 perveneris
685 1267 755 1333 illue,

105 1345 149 1399 Sie
166 1345 285 1412 positum
303 1341 425 1398 servabis
442 1359 517 1410 onus,
535 1359 570 1396 ne
587 1343 658 1396 forte
676 1341 727 1396 sub
745 1340 788 1394 ala

105 1419 273 1474 Fasciculum
291 1422 383 1488 portes
400 1418 538 1484 librorum,
556 1421 588 1470 ut
604 1416 722 1470 rirstieus
739 1432 838 1484 agnum

103 1494 145 1548 Ut
133 1495 253 1548 tvinosa
270 1495 375 1563 glomus
392 1493 510 1546 furtivae
530 1492 643 1570 Pyrrhia
659 1489 793 1559 lonae·
812 1455 897 1532 φῦ

104 1569 145 1623 Ut
162 1586 223 1624 eum
241 1570 338 1638 pileolo
356 1568 442 1622 soleas
460 1568 570 1622 conviva
573 1547 703 1620 tribulis.
863 1603 865 1612 ‚
925 1580 950 1622 re

104 1643 148 1697 Ne
164 1643 245 1711 vulgo
261 1660 355 1698 narres
372 1647 402 1697 te
420 1643 558 1696 sudavisse
576 1641 687 1695 ferendo

105 1718 238 1786 Garnrina,
257 1735 327 1786 quae
344 1718 449 1786 possint
466 1717 556 1770 oordos
575 1732 709 1784 auresque
726 1713 825 1769 morari

105 1793 241 1856 (laeserim
259 1797 351 1846 oratus
368 1793 455 1846 multa
471 1808 552 1860 prece
568 1791 656 1846 nitere
673 1805 760 1860 porro.

104 1867 190 1936 Vade,
207 1867 274 1933 vale,
292 1883 357 1921 mre
373 1883 409 1920 ne
426 1867 530 1920 titubes
547 1866 729 1933 mandataque
748 1865 861 1932 frangas

103 2093 223 2148 meen
240 2091 367 2146 silvarum
384 2093 413 2145 et
430 2090 497 2143 mihi
514 2107 559 2142 me
575 2087 717 2142 reddentis
734 2087 813 2156 agelli

104 2167 191 2232 Quem
208 2171 240 2221 tu
256 2165 365 2219 fastidis
381 2165 488 2220 habitat
476 2169 535 2218 tum
552 2164 673 2232 quinque
690 2163 757 2218 foeis
774 2166 804 2216 et
856 2192 885 2231 9

103 2243 228 2312 Quinque
245 2241 330 2294 bonos
347 2239 456 2294 solitum
474 2240 542 2292 Vari
559 2256 587 2292 m
605 2239 745 2292 dimittere
761 2254 796 2307 pa
823 2255 838 2292 e
1025 2277 1029 2284 .

103 2319 246 2373 Certemus
263 2317 353 2385 spinas
370 2316 493 2370 animone
511 2331 561 2380 ego
578 2307 675 2366 lortius
692 2329 727 2367 an
744 2315 776 2367 tir

103 2393 211 2448 Evellas
227 2409 300 2460 agro,
318 2395 348 2446 et
364 2392 459 2444 melior
477 2391 513 2443 sit
532 2389 664 2442 Horatius
682 2405 717 2442 an
734 2404 785 2443 res.
932 2399 948 2444 t

102 2468 150 2524 Me
168 2467 290 2537 quamvis
308 2466 419 2520 Lamiae
436 2465 524 2534 pietas
541 2467 571 2518 et
588 2479 653 2518 eura
670 2466 790 2517 moratur

103 2542 229 2597 Fratrem
246 2541 400 2608 maerentis,
418 2543 496 2608 rapto
514 2539 549 2593 de
566 2539 651 2593 fratre
669 2538 785 2592 dolentis

103 2617 292 2685 Insolabiliter,
309 2619 401 2670 tamen
418 2615 489 2668 istue
506 2629 582 2668 mens
598 2615 757 2681 animusque
786 2661 797 2670 ..

102 2692 170 2747 Fert
187 2697 217 2747 et
233 2694 307 2746 amat
324 2690 497 2760 spatiist
435 2689 497 2743 obst
498 2690 571 2743 antia
587 2705 714 2757 rumpere
731 2688 854 2742 claustra.

101 2767 177 2820 Rure
195 2783 245 2836 ego
261 2767 405 2829 viventem,
423 2768 455 2818 tu
473 2765 565 2818 dieis
557 2781 586 2817 ιιι
602 2763 670 2816 urbe
687 2763 812 2817 beatum:
924 2777 945 2818 io

102 2842 152 2893 Cui
169 2843 258 2908 placet
275 2840 387 2896 alterius
404 2856 452 2892 sua
469 2840 534 2891 nimi
536 2855 597 2891 rum
614 2841 658 2892 est
675 2838 749 2894 odio
754 2854 819 2891 sors.

101 2913 207 2966 Stultus
218 2916 340 2980 uterque
357 2913 445 2965 loeum
462 2905 628 2966 immeritum
646 2913 795 2966 causatur'
788 2912 894 2980 inique:
961 2907 964 2911 ’

102 2985 136 3036 Iu
153 2987 231 3052 eulpa
249 2991 292 3039 est
309 2988 420 3053 animus,
439 2987 485 3054 qui
503 3003 533 3039 se
551 3003 604 3038 non
622 2986 717 3054 effugit
734 3002 861 3055 unquam.

100 3056 142 3108 'iu
159 3059 364 3111 mediastinnst
353 3029 437 3112 taoiia
453 3076 533 3126 prece
550 3077 615 3113 rura
630 3061 751 3127 petebas,
832 3082 835 3088 ’

100 3128 180 3196 Nure
196 3130 292 3182 urbem
309 3136 339 3184 et
355 3132 434 3186 ludos
451 3135 482 3187 et
498 3133 595 3198 balnea
611 3133 715 3198 villicus
732 3136 826 3202 optas;
921 3149 947 3191 is
