2116 3424
117 151 148 200 50
391 154 546 203 HORATII
562 153 695 204 FLAoot
748 183 751 191 =

254 233 346 288 Paene
363 241 520 302 occupatam
540 235 719 288 seditionibus
798 243 804 288 “.

254 306 365 364 Delevit
382 307 487 362 Urbem
506 308 597 362 Daous
615 314 645 364 et
663 308 806 377 Aethiops,

289 381 344 437 Hie
361 383 447 437 classe
464 384 634 451 formidatus,
652 385 698 439 ille
836 415 838 426 =
949 403 977 443 15

322 457 474 512 Missilibus
492 461 588 512 melior
606 461 721 527 sagittis.

254 533 382 588 Fecunda
400 535 496 603 culpae
513 535 604 587 secula
621 537 731 602 nuptias

253 606 580 694 Primum-inquinaverq
589 614 619 664 et
636 627 722 678 genus
740 613 769 664 et
786 609 879 665 domos
887 628 897 676 ;

289 686 351 740 Hoc
367 685 444 739 fonte
462 685 586 738 derivata
603 685 695 738 clades

221 787 223 790 ·
323 761 357 814 In
375 760 491 828 patriam
508 761 693 828 populumque
710 760 798 816 fluxit.
832 809 836 814 .
944 777 974 816 ao

234 818 347 964 &otus
365 835 456 888 doceri
474 835 577 902 gaudet
595 835 702 889 Ionioos

285 914 366 963 atura
383 910 460 978 virgo
478 911 643 978 etlingitur·
654 905 777 978 artibus3

286 985 351 1038 Jam
368 985 440 1038 nune
458 989 488 1039 et
504 985 622 1039 incestos
640 1002 747 1054 amores

321 1060 365 1113 De
382 1063 479 1114 tenero
496 1060 647 1114 meditatur
664 1061 766 1128 ungui:
831 1107 835 1113 .

254 1135 319 1190 Mox
332 1134 457 1203 juniores
475 1136 584 1204 quaerit
601 1135 741 1189 adulteros
944 1154 973 1193 25

254 1211 333 1265 Inter
350 1211 442 1264 mariti
459 1211 530 1277 vina,
549 1227 639 1279 neque
658 1211 736 1278 eligit

288 1285 339 1340 (lui
357 1285 442 1340 donet
458 1286 630 1354 impermissa
647 1285 747 1354 raptim

267 1397 269 1402 -
322 1361 429 1414 Gaudia
446 1361 594 1414 luminibus
611 1361 742 1426 remotis;
791 1313 960 1427 011³]ss

254 1435 309 1490 Sed
322 1435 401 1503 jussa
418 1452 508 1489 eoram
526 1451 580 1488 non
599 1435 658 1489 sine
676 1435 783 1490 oonsoio

254 1511 349 1578 Surgit
365 1511 471 1578 marito,
490 1527 539 1564 seu
556 1515 635 1564 voest
652 1511 762 1584 institor
944 1527 973 1566 so

242 1647 246 1654 ‚
288 1586 344 1640 Seu
360 1587 437 1638 navis
456 1585 596 1653 Hispanae
613 1585 752 1652 magister,
771 1624 773 1632 .
829 1629 830 1636 ,

322 1661 495 1714 Dedeoorum
512 1661 649 1729 pretiosus
667 1643 792 1736 emptqffl

254 1736 317 1791 Non
334 1737 378 1790 his
391 1736 524 1804 juventus
541 1739 602 1789 orta
618 1736 781 1804 parentibus
884 1772 941 1849 μ
989 1767 996 1815 s

255 1811 355 1864 Infecit
372 1827 473 1879 aequor
490 1811 621 1878 sanguine
640 1810 750 1878 Punico,
835 1810 897 1876 (ru.
913 1825 977 1892 *5²³⁴-
989 1804 1034 1882 ²¹34

289 1885 525 1954 Pyrrhumqueet
541 1887 682 1952 ingentem
699 1885 799 1940 cecidit
914 1901 918 1906 ’
948 1903 976 1942 ss

323 1961 491 2014 Antiochum
510 1960 749 2029 Hannibalemque
767 1961 875 2026 dirum

255 2035 310 2090 Sed
327 2036 490 2088 rusticorum
507 2037 627 2088 mascula
645 2036 762 2090 militum
790 2079 795 2086 .

255 2110 357 2178 Proles,
376 2110 491 2164 Sabellis
509 2110 591 2163 docta
607 2110 744 2178 ligonibus
763 2157 765 2161 .

290 2185 409 2239 Versare
425 2185 520 2253 glebas
538 2188 567 2237 et
585 2201 695 2238 severae

323 2261 423 2314 Matris
434 2261 477 2312 ad
494 2260 639 2312 arbitrium
658 2260 759 2314 recisos
947 2277 976 2318 ιο

256 2334 371 2389 Portare
388 2336 482 2401 fustes,
501 2334 540 2387 sol
558 2335 605 2388 ubi
627 2335 760 2388 montium
791 2356 793 2360 ¹

256 2410 379 2467 Mutaret
395 2409 506 2462 umbras
524 2412 554 2462 et
565 2408 635 2476 juga
652 2409 777 2465 demeret

290 2485 384 2540 Bobus
400 2485 530 2552 fatigatis,
549 2485 664 2537 amioum
790 2531 792 2536 ,

252 2594 255 2602 -
324 2559 442 2627 Tempus
458 2575 541 2626 agens
558 2559 677 2614 abeunte
694 2575 783 2630 eursu

256 2635 393 2689 Damnosa
410 2633 478 2702 quid
494 2651 549 2686 non
567 2634 705 2687 imminuit
723 2634 801 2692 diesi
949 2653 979 2692 45

257 2714 345 2764 Aetas
361 2712 506 2778 parentum
524 2708 603 2777 pejor
620 2709 677 2762 avis
695 2710 762 2763 tulit
826 2757 831 2762 .

290 2784 349 2838 Nos
366 2783 517 2850 nequiores,
535 2799 598 2836 mox
617 2783 731 2837 daturos

324 2858 486 2926 Progeniem
503 2857 678 2911 vitiosiorem.

510 2995 579 3049 VII.

258 3074 332 3136 Qum
349 3076 406 3142 fies,
425 3077 544 3141 Asterie,
563 3092 644 3143 quem
663 3077 714 3131 tibi
730 3077 842 3135 antidi

259 3145 351 3200 Primo
367 3149 515 3201 restituent
532 3149 726 3204 vere‘Favonii
