2116 3424
342 133 545 183 csnMINom
562 135 583 182 1.
602 136 642 194 ar,
653 137 700 188 aa.
917 121 947 178 10

183 211 348 269 ‘eonditum
365 211 427 278 levi,
447 213 529 268 datm
545 213 574 266 in
592 213 701 270 theatro

235 287 303 342 Cum
321 287 373 341 tibi
390 289 507 354 plausus,

201 362 271 416 (lare
288 363 432 419 Maecenas
449 379 542 431 eques,
559 365 591 416 01
608 361 717 432 paterni

201 437 334 492 Fluminis
350 439 426 507 ripae
445 439 524 492 simul
542 441 572 492 et
584 437 679 506 jocosa

202 511 344 567 Redderet
360 512 455 566 laudes
472 512 524 566 tibi
541 513 667 568 Vaticani

236 586 339 640 Montis
355 587 452 655 imago.

202 660 357 716 Caecubum
374 666 404 716 01
420 661 497 730 prelo
515 661 646 716 domitam
665 662 766 718 Caleno

203 736 244 789 'l'u
260 737 339 792 bibes
356 753 450 792 uram:
467 753 529 791 mea
545 753 596 791 000
614 737 746 792 Falernae
925 745 948 780 ¹¹·

203 809 366 878 'l'emperant
382 811 453 866 vites
470 828 559 881 neque
578 813 715 866 Formiani

237 885 338 940 Pocula
354 886 443 940 colles

203 1107 323 1180 1100000
340 1110 452 1164 tenerae
469 1108 553 1164 dicite
570 1110 695 1179 virgines,

205 1185 354 1252 lntonsum,
372 1185 458 1252 pueri,
477 1184 560 1239 dicite
579 1186 722 1254 Cynthium

238 1259 424 1328 Latonamque
441 1275 567 1327 supremo

273 1335 408 1389 Dilectum
425 1334 535 1403 penitus
553 1334 571 1386 J
573 1333 624 1389 ovi.

205 1407 262 1461 Vos
279 1409 378 1462 laetam
396 1407 484 1462 fluviis
502 1412 536 1475 et,
548 1424 691 1466 nemorum·
707 1426 790 1475 coma,
810 1427 813 1432 ·

135 1533 138 1538 .
207 1481 388 1550 Quaecunque
405 1485 453 1536 aut
469 1483 560 1550 gelido
577 1484 714 1552 prominet
732 1482 832 1551 Algido

239 1557 333 1624 Nigris
349 1561 398 1611 aut
415 1557 573 1626 Erymanthi

274 1633 354 1686 Silvis
370 1637 419 1687 001
434 1633 529 1687 viridis
548 1633 643 1701 Oragi3

107 1740 113 1746 ·
208 1707 264 1766 Vos
281 1708 381 1776 Tempe
398 1708 515 1762 totidem
532 1708 620 1764 tollite
637 1708 764 1762 laudibus

209 1783 397 1852 Natalemque,
415 1799 511 1850 mares,
530 1783 618 1836 Delon
637 1784 777 1852 Apollinis,
924 1795 948 1838 ln

243 1859 436 1927 Insignenrque
453 1859 583 1926 pharetra

276 1934 463 2003 Fraternaque
480 1935 623 1994 humerum
640 1935 703 2003 lyra.

208 2009 263 2064 Η10
280 2008 383 2062 bellum
400 2010 578 2077 lacrimosum,
596 2010 640 2082 hie
656 2010 782 2063 miseram
799 2011 898 2062 famem

208 2084 372 2154 Pestemque
388 2101 405 2138 a
422 2085 520 2153 000010
538 2089 567 2138 01
584 2085 705 2154 principe
724 2085 839 2140 Caesare
857 2083 884 2136 in

242 2153 342 2214 Persas
356 2163 439 2228 atque
457 2159 603 2214 Britannos
927 2172 949 2214 lo

276 2235 377 2290 Vestra
393 2237 483 2300 motus
500 2238 564 2303 aget
580 2251 666 2304 preca
741 2293 747 2300 ,

481 2377 577 2434 XXII.

208 2463 335 2519 1000000
352 2463 425 2518 ritae
443 2463 606 2531 scelerisque
623 2476 707 2532 purus
754 2497 756 2502 ·
815 2484 818 2492 =

207 2539 270 2594 Non
287 2543 352 2610 eget
370 2538 474 2594 Mauris
487 2537 590 2606 jaculis
603 2555 693 2607 neque
710 2554 772 2594 arcu

208 2615 267 2671 Noe
283 2615 423 2674 venenatis
440 2613 553 2682 gravida
570 2614 685 2682 sagittis,

241 2689 335 2758 Ilusee,
353 2689 490 2758 pharetra,

206 2763 271 2819 Sive
287 2781 338 2834 per
354 2764 449 2832 Syrtes
466 2764 520 2817 iter
536 2767 676 2818 aestuosas

206 2838 270 2894 Sive
286 2839 407 2893 facturus
424 2855 474 2906 per
491 2839 680 2907 inhospitalem

206 2913 356 2969 Caucasum
373 2913 415 2968 vel
433 2930 503 2981 quae
521 2914 579 2967 loca
596 2914 733 2968 fabulosus

241 2989 352 3043 Lambit
371 2987 523 3056 Hydaspes.
589 3015 590 3018 ¹

204 3062 332 3134 Namque
349 3079 393 3116 me
412 3063 479 3115 silva
496 3063 575 3128 lupus
592 3061 621 3114 in
639 3061 746 3127 Sabina,
805 3091 810 3100 ·

205 3139 279 3194 Dum
297 3154 386 3194 meam
404 3139 484 3190 canto
503 3135 621 3202 Lalagen
639 3139 668 3188 et
686 3139 758 3189 ultra
929 3141 950 3180 ¹⁰
