2126 3410
338 162 483 212 neonem
499 163 616 225 LIBER,
638 164 674 216 17.
879 131 936 213 ms¹

144 242 291 312 Neptunus
308 241 365 296 olto
381 243 475 298 tundit
491 243 622 296 hibernus
639 242 703 298 selo.
901 257 926 298 ss

146 317 255 371 Inultus
272 322 304 370 ut
321 321 354 370 tu
371 317 465 371 riseris
484 318 606 384 Cotyttio

145 391 273 459 Vulgata,
291 408 397 445 saeuum
415 392 494 445 liberi
513 392 661 460 Cupidinis,
759 425 760 428 =

146 465 183 520 Et
201 466 335 535 Esquilini
352 468 474 536 pontifex
491 467 605 520 venefici

147 539 265 610 Impune
282 545 314 594 ut
332 541 437 595 Urbem
454 542 562 596 nomine
579 540 701 609 impleris
717 545 796 598 meo!

146 614 220 678 Quid
236 615 367 683 proderat
385 615 488 670 ditasse
506 616 632 683 Pelignus
648 631 724 684 anius,

145 688 307 743 Velociusve
324 690 463 744 miscuisse
480 691 617 744 toxieunl

145 763 203 817 Sed
219 764 341 818 tardiore
357 765 415 818 iate
431 768 462 830 te
479 765 549 819 votis
566 767 695 820 manent:

146 839 259 906 Ingmte
276 839 375 893 misero
392 839 591 893 vita'dueenda
608 840 697 894 estin
714 837 768 896 hoe

146 912 172 966 N
174 913 232 966 ovis
248 913 282 967 ut
298 929 385 982 usque
403 917 532 982 suppetas
549 914 694 968 laboribus.

146 987 233 1056 Optat
250 989 370 1056 quietem
389 989 497 1057 Pelopis
513 989 592 1042 infidi
609 992 697 1057 puter,

145 1062 236 1131 Egens
253 1063 387 1130 benignae
405 1063 533 1117 Tantalus
551 1079 658 1132 semper
675 1062 741 1133 depi

146 1137 234 1206 Optat
252 1137 432 1192 Prometheus
448 1138 585 1206 obligatus
602 1139 669 1207 aliti,

146 1211 235 1282 Optat
253 1229 380 1281 supremo
396 1213 528 1266 collocare
547 1213 678 1281 Sisyphus

146 1287 181 1341 In
198 1291 290 1341 moute
309 1304 421 1354 saxum3
443 1288 494 1342 sed
510 1291 606 1342 vetant
623 1289 699 1358 leges
717 1290 801 1346 Jovis.

145 1362 231 1416 Voles
248 1363 328 1416 modo
344 1363 407 1417 eltis
424 1363 535 1417 desilire
551 1364 682 1429 turribus,

144 1437 231 1492 Modo
248 1453 312 1492 ense
328 1442 425 1506 peetus
443 1438 541 1492 Norico
558 1438 709 1503 recludere,
789 1445 793 1453 ’

146 1513 314 1582 Frustrsque
331 1513 418 1567 vinela
435 1513 539 1580 gutturi
557 1516 651 1566 nectes
668 1517 717 1564 tuo

147 1588 302 1642 Fastidiose
319 1589 407 1642 tristis
424 1589 599 1655 aegrimonia.
683 1619 685 1625 .

144 1661 285 1716 Veetabor
301 1662 421 1716 humeris
439 1668 504 1716 tune
521 1679 572 1730 ego
589 1659 706 1715 inimicis
724 1675 815 1730 eques,

145 1737 281 1806 Meeeque
298 1742 374 1792 terre
390 1737 471 1791 cedet
487 1737 655 1791 insolentiae.

146 1813 194 1870 An
211 1827 281 1880 quae
298 1827 407 1866 movere
423 1828 517 1866 cereas
534 1812 689 1880 imagines

145 1886 188 1941 Ut
204 1887 264 1954 ipse
281 1887 353 1940 nosti
370 1887 497 1951 curiosus,
515 1890 545 1942 et
561 1887 624 1955 polo

145 1961 282 2029 Deripere
299 1961 391 2015 lunam
408 1962 520 2015 vocibus
537 1961 638 2030 possim
654 1959 731 2034 meis,

146 2035 254 2090 Possim
270 2040 403 2090 crematos
420 2037 540 2090 excitare
556 2042 680 2093 mortuos

145 2109 328 2178 Desiderique
345 2114 498 2180 temperare
515 2112 618 2180 poeula,

145 2183 258 2239 Plorem
275 2184 343 2242 artis
360 2185 390 2240 in
407 2189 437 2242 te
453 2185 493 2240 nil
503 2186 618 2258 ‘egentis
634 2185 742 2248 exitur
785 2203 787 2208 '
