2116 3424
22 165 26 172 -
103 131 135 182 2⁸

378 133 531 182 HORATII
548 131 677 182 FLAOOI

277 217 323 269 Ab
340 213 467 282 insolenti
485 216 664 281 temperatam
722 219 725 226 “

309 290 435 358 Laetitia,
453 289 584 342 moriture
601 288 680 357 Delli,

177 381 180 392 ¹
242 365 297 422 Seu
314 369 434 420 maestus
451 365 664 433 omnitempore
679 364 789 432 vixeris,
852 373 859 384 '
942 381 963 423 Ι

242 442 296 498 Seu
313 445 343 496 te
360 442 389 495 in
406 444 511 494 remoto
528 441 649 508 &amine
666 457 717 507 per
733 440 793 495 dies
1054 412 1055 492 l

177 541 183 554 ·
275 516 372 571 Festos
385 515 548 570 reclinatum
565 515 656 570 bearis

309 592 444 646 Interiora
461 594 525 645 nota
543 591 658 646 Falerni.
754 623 756 627 ·

241 667 302 733 Quo
318 667 398 736 pinus
416 668 510 736 ingens
529 665 645 736 albaque
661 667 778 736 populns

239 741 372 798 Umbram
389 742 549 811 hospitalem
567 743 719 796 consociare
737 744 836 797 amant.
929 759 959 800 1o

274 818 388 872 Ramisi
424 818 497 882 Quid
514 818 622 887 obliquo
639 817 746 873 laborat
780 855 783 861 -

308 892 430 962 Lympha
446 893 529 961 fugax
546 893 686 962 trepidare
703 893 781 947 rivol
982 907 985 911 ·

240 969 304 1024 Huc
320 969 381 1023 vina
398 974 427 1023 at
446 973 581 1038 unguenta
599 973 628 1023 et
644 969 757 1022 nimium
774 967 872 1022 breves

239 1045 334 1099 Floras
351 1061 479 1098 amoenae
496 1046 567 1098 ferre
581 1044 651 1111 juba
667 1060 753 1114 rosae,

272 1121 345 1174 Dum
362 1137 407 1174 res
424 1123 453 1175 et
470 1124 545 1174 aetas
562 1123 591 1174 et
608 1135 730 1174 sororum
927 1135 953 1176 ιε

307 1196 366 1249 Fila
383 1195 465 1250 trium
483 1196 625 1264 patiuntur
641 1199 671 1249 at
726 1243 729 1252 .

238 1270 327 1326 (ledes
344 1271 473 1339 coemptis
491 1271 604 1325 saltibus
622 1274 651 1325 ot
668 1271 748 1325 domo

237 1347 364 1416 Villaque
381 1347 465 1400 flavus
483 1363 564 1415 quam
583 1346 688 1400 'liberis
704 1346 778 1414 lavit,

272 1422 360 1478 Gades
378 1426 406 1477 et
424 1422 569 1476 exstructis
586 1422 615 1474 in
632 1422 719 1475 altum
1056 1485 1057 1490 ἵ

304 1498 414 1552 Divitiis
430 1497 549 1565 potietur
566 1496 654 1552 heres.
921 1513 948 1554 ao

236 1573 355 1628 Divesna
373 1573 461 1642 priseo
478 1575 558 1626 natus
575 1572 611 1625 ab
630 1573 731 1627 Inaoho

229 1649 281 1704 vNil
298 1649 413 1703 interest
430 1665 464 1702 an
482 1664 585 1716 pauper
602 1651 631 1701 et
648 1649 741 1702 intima

269 1725 312 1779 De
329 1729 411 1792 gente
429 1724 479 1777 sub
497 1723 559 1776 divo
577 1725 697 1792 moreris,

303 1800 423 1854 Victima
439 1799 478 1852 nil
495 1799 648 1853 miserantis
666 1799 737 1854 Oroi.

235 1874 338 1929 Omnes
355 1875 450 1928 eodem
468 1875 596 1942 cogimur,
614 1875 734 1928 omnium
919 1889 947 1932 Ι

236 1950 369 2004 Versatur
385 1966 454 2003 urna
471 1950 557 2002 serius
574 1950 648 2003 oaius

268 2024 333 2080 Sors
350 2025 457 2078 exitura
474 2029 503 2078 ot
520 2042 569 2079 nos
586 2026 614 2078 in
631 2029 773 2083 aeternum

303 2098 421 2153 Exilium
438 2100 599 2169 impositura
616 2101 740 2162 cumbae⁸¹

232 2323 279 2379 Ns
296 2323 333 2378 sit
347 2322 461 2376 ancillae
478 2323 530 2376 tibi
548 2339 624 2376 amor
640 2322 745 2392 pudori,

231 2398 352 2453 Xanthia
371 2398 495 2452 Phoceu!
533 2398 613 2451 Prius
629 2398 788 2453 insolentem
809 2440 811 2444 .

231 2473 316 2529 Serva
334 2473 436 2530 Briseis
453 2473 531 2526 niveo
549 2473 637 2528 colore

266 2547 354 2602 Movit
373 2548 521 2612 Achillem;

231 2623 319 2678 Movit
337 2622 451 2691 Ajacem
469 2623 613 2678 Telamone
630 2627 725 2678 natum

231 2699 331 2754 Forma
348 2699 470 2766 captivae
488 2698 626 2752 dominum
645 2700 817 2766 Tecmessam
855 2733 857 2738 ·

230 2775 310 2830 Arsit
328 2774 441 2828 Atrides
458 2773 548 2828 medio
565 2775 594 2827 in
610 2775 749 2845 triumpho

265 2850 379 2916 Virgine
396 2852 484 2918 rapta,
783 2888 786 2898 .

231 2921 369 2978 Barbarae
385 2929 531 2993 postquam
548 2925 669 2980 cecidere
686 2929 793 2981 turmae

231 2997 358 3050 llhessalo
375 2999 478 3052 victore
495 3003 525 3054 et
542 3000 687 3068 ademptus
705 3001 810 3056 Hector
915 3012 944 3058 10

231 3071 358 3125 Tradidit
374 3072 452 3126 fessis
468 3073 570 3128 leviora
586 3074 659 3128 tolli.
888 3093 890 3099 ’

258 3144 400 3213 ⁴Pergama
416 3147 502 3203 Grais
