2126 3410
372 157 588 208 sarmarum
603 158 627 206 1.
645 160 669 208 a.
898 158 944 206 ns
1051 119 1052 122 ¹

11 239 14 278 ἰ
80 197 158 290 'Aur
175 237 294 305 positum
312 240 376 292 ante
393 254 455 292 mea
472 238 535 306 quia
552 237 656 305 pullum
673 237 702 290 in
718 239 798 306 porte
814 236 896 292 catini
933 284 936 298 s

11 367 12 382 ἢ
97 312 215 365 Sustulit
232 312 362 378 esuriens,
380 313 470 366 minus
488 313 538 366 hoo
552 312 690 380 jucundus
707 313 808 365 anricus

11 383 12 416 ³
97 386 141 439 Sit
158 387 244 440 mihil
281 387 354 450 Quid
370 387 467 441 faciam
485 388 508 441 si
525 389 629 440 furtum
646 388 747 453 feeerit,
765 391 813 439 aut
830 386 854 438 si

11 475 12 482 ¹
97 459 255 515 Prodiderit
273 462 414 516 commissa
430 463 486 516 fide
503 474 665 532 sponsumve
681 463 807 529 negaritl
921 477 944 516 ot

11 567 12 586 1
99 535 167 598 Quis
182 536 261 604 paria
278 552 338 590 esse
354 537 412 590 fero
428 537 530 605 placuit
546 540 656 605 peecata
672 537 797 590 laborent

100 610 168 663 Cum
179 615 292 664 ventum
303 611 446 666 adrerum
457 616 516 678 est3
530 628 623 666 sensus
634 628 778 679 moresque
789 615 945 680 repugnant

100 688 195 753 Atque
211 686 271 754 ipsa
286 687 400 754 utilitas,
413 687 484 755 justi
501 703 586 756 prope
603 691 691 740 mater
708 691 737 740 et
754 688 842 754 aequi.

99 759 168 814 Cum
185 768 379 830 prorepserugt
395 763 490 830 primis
507 761 634 816 animalia
650 763 738 827 terris,
846 797 848 803 ·

99 834 428 905 Mutunretturpepecnq
438 837 565 904 glandem
573 833 657 905 atque
665 837 885 906 cubiliapropter
911 851 944 892 uo
1051 819 1052 888 f

99 910 243 977 Unguibus
261 914 291 964 et
308 912 413 979 pugnis,
431 912 496 964 dein
513 911 638 978 fustibus,
657 916 740 980 atque
757 913 797 964 ita
813 926 893 981 porro

11 1003 12 1006 ¹
101 984 263 1052 Pugnabant
279 988 362 1040 armis
380 1003 449 1055 quae
466 991 529 1056 post
545 987 726 1040 fabricaverat
742 1003 816 1053 usus,

100 1058 194 1113 Donec
210 1060 295 1114 verba
312 1061 410 1130 quibus
427 1079 505 1115 voees
523 1077 670 1128 sensusque
687 1065 814 1115 notarent

99 1133 271 1204 Nominaque
287 1136 429 1197 invenere;
445 1136 544 1189 dehine
562 1137 693 1188 absistere
710 1135 790 1204 bello,

11 1259 12 1262 ,
100 1208 209 1278 Oppida
225 1214 371 1278 coeperunt
387 1211 493 1263 munire
510 1214 539 1264 et
555 1227 656 1278 ponere
673 1211 755 1278 leges,
912 1224 946 1264 ror

100 1283 126 1337 N
128 1301 144 1338 e
162 1285 223 1353 quis
239 1285 285 1338 fur
301 1291 380 1351 esset,
397 1303 452 1338 neu
468 1287 546 1352 latro,
564 1303 619 1340 neu
636 1286 697 1354 quis
714 1286 830 1339 adulter.

100 1359 172 1413 Nam
188 1359 242 1414 fuit
259 1364 322 1414 ante
340 1359 475 1414 Helenam
492 1377 595 1414 cunnus
612 1360 753 1414 teterrima
769 1360 834 1414 belli

102 1434 196 1500 Causa,
213 1435 263 1488 sed
279 1435 378 1504 ignotis
394 1435 536 1504 perierunt
552 1435 686 1488 mortibus
703 1435 750 1500 illi,

101 1509 175 1574 Quos
191 1525 317 1564 venerem
334 1512 466 1564 incertam
482 1511 621 1579 rapientes
630 1527 713 1562 more
728 1509 846 1563 ferarum

101 1583 215 1638 Viribus
231 1585 331 1640 editior
347 1586 487 1653 caedebat,
504 1586 582 1640 utin
598 1602 682 1653 grege
699 1590 801 1638 taurus.
912 1599 945 1638 11o

101 1659 172 1714 iura
187 1660 297 1714 inventa
312 1664 390 1714 metu
405 1660 501 1728 injusti
518 1661 622 1714 fateare
640 1676 751 1714 necesse
769 1664 819 1727 est,

101 1735 234 1802 Tempora
250 1737 274 1789 si
290 1737 429 1804 festosque
446 1736 514 1790 velis
531 1735 656 1789 evolvere
672 1735 775 1788 mundi.

101 1811 161 1865 Nee
177 1815 276 1864 natura
292 1815 384 1879 potest
395 1811 474 1878 justo
491 1827 633 1865 secernere
650 1810 780 1878 iniquum,

101 1885 209 1940 Dividit
225 1889 257 1940 ut
274 1886 486 1954 bena'diversis,
503 1885 633 1954 fugienda
650 1885 789 1952 petendis3
874 1913 882 1928 ·

101 1961 161 2015 Neo
173 1961 263 2015 vincet
272 1961 343 2015 ratio
354 1961 412 2028 hoe,
424 1962 587 2014 tantundem
598 1965 631 2014 ut
641 1964 736 2028 peccet
748 1961 877 2028 idemque
913 1973 947 2012 115

102 2036 154 2100 Qui
173 2039 281 2102 teneros
298 2036 387 2089 caules
404 2036 485 2089 alieni
502 2037 616 2104 fregerit
633 2036 706 2088 horti

101 2111 139 2163 111
156 2111 204 2178 qui
221 2114 366 2164 nocturnus
383 2126 460 2164 saera
476 2109 569 2164 divum
586 2111 691 2178 legerit.
727 2109 810 2163 Adsit

103 2185 209 2252 Regula
225 2186 343 2254 peccatis
360 2201 430 2254 quae
447 2201 548 2253 poenas
564 2186 667 2252 irroget
685 2201 793 2252 aequae,

103 2259 146 2312 110
164 2260 266 2313 scutica
283 2260 396 2327 dignum
412 2259 533 2312 horribili
553 2263 657 2312 sectere
674 2259 788 2325 fiagello.

103 2335 176 2388 Nam
192 2339 225 2388 ut
240 2335 328 2388 feurlu
345 2335 442 2388 caedas
459 2335 587 2388 meritum
605 2335 708 2400 nrajora
725 2334 816 2387 subire
915 2347 948 2386 120

105 2408 228 2462 Verbera
243 2425 297 2462 non
314 2425 418 2474 vereor,
435 2425 497 2462 curn
515 2409 589 2461 dieas
607 2425 666 2462 esse
682 2423 762 2476 pares
779 2423 810 2461 re

103 2484 190 2537 Furta
206 2484 354 2536 latrociniis
371 2487 400 2536 et
416 2484 520 2550 magnis
537 2501 620 2551 parra
636 2484 747 2536 mineris

103 2558 186 2612 Falce
202 2559 352 2611 recisurum
369 2558 449 2610 simili
466 2563 503 2624 te,
521 2559 544 2610 si
560 2558 612 2611 tibi
628 2573 743 2625 regnum

103 2633 274 2687 Permittant
288 2628 415 2686 homines.
452 2632 481 2686 Sl
499 2633 574 2696 diros
592 2633 639 2700 qui
657 2633 764 2700 sapiens
782 2633 833 2698 est,

104 2709 142 2762 lat
158 2711 235 2760 sutor
251 2707 337 2760 bonus
355 2712 384 2762 et
401 2707 473 2761 solus
489 2707 622 2760 formosus
639 2711 668 2760 et
685 2710 728 2761 est
745 2721 801 2773 rex,
917 2725 949 2764 rra

104 2782 161 2836 Gur
178 2785 257 2851 optas
274 2782 348 2850 quod
365 2782 465 2836 habesl
494 2782 520 2834 N
522 2799 557 2834 on
573 2781 644 2834 nesti
661 2781 729 2850 quid
745 2784 831 2849 pater,
849 2779 947 2847 inquit,

104 2855 270 2925 Chrysippus
287 2858 376 2912 dieat:
394 2857 507 2925 Sapiens
524 2857 648 2924 crepidas
665 2856 716 2908 sibi
734 2871 872 2923 nunquam

104 2931 164 2986 Nee
182 2933 269 2985 soleas
285 2932 357 2999 feeit,
377 2935 452 2986 sutor
468 2935 561 2984 tamen
578 2934 620 2984 est
637 2931 750 2998 sapiens.
787 2930 859 2993 Quil

104 3006 145 3060 Ut
162 3007 285 3074 quamvis
302 3009 377 3060 tacet
395 3007 583 3072 Hermogenes
601 3009 695 3057 eantur
712 3009 804 3057 tamen
821 3009 904 3070 atque

104 3081 231 3149 Optimus
248 3085 291 3135 ost
308 3081 475 3144 modulator;
492 3083 524 3132 ut
542 3079 666 3130 Alfenius
682 3079 764 3144 valer,
782 3078 856 3130 omui
915 3090 951 3130 rso

106 3155 228 3224 Abjeoto
240 3156 421 3210 instrurnento
438 3153 506 3208 artis
522 3152 665 3218 ebusoque
682 3151 803 3219 taberna„
