2116 3424
362 143 569 196 GLRMIN’UM
586 147 639 196 111.
658 149 680 199 6.

275 223 306 280 si
323 227 427 293 pugnat
444 225 580 278 extricata
597 225 690 280 densis

589 301 639 429 ΨΘ
656 301 736 356 fortis

309 300 397 354 Cerva
410 299 502 378 plagis
509 317 536 388 3
553 301 583 372 't

241 360 425 501 Quifferffiis
436 381 473 428 ‘se
491 317 596 460 cmiiidr
627 357 758 504 hbsfihus,

241 450 279 504 Iit
327 453 387 502 arte
406 447 513 503 Poenos
530 454 654 517 proteret
670 451 697 504 al
727 467 756 504 ro

275 524 327 588 Qui
345 524 403 576 lora
420 525 555 588 restrictis
572 525 682 582 lacertis
927 539 953 583 tt

278 599 281 604 '
308 598 401 652 Sensit
417 599 491 652 iners
508 600 655 668 timuitque
672 606 795 656 mortem.

239 672 296 727 Hic
312 673 389 726 unde
404 673 489 728 vitam
507 679 629 729 sumeret
644 675 745 729 inscius

240 747 340 802 Pacem
358 748 451 802 duello
469 750 585 803 miscuit.
620 749 644 802 Ο
662 749 766 818 pudor!
788 766 792 773 ·

274 821 299 876 0
317 839 415 890 magna
433 824 582 892 Karthago,
599 824 739 893 probrosis

240 957 244 963 ,
301 897 401 951 ,Altior
418 898 517 954 Italiae
534 899 652 952 minisi”
926 912 951 953 so

237 969 341 1025 Fertur
356 971 472 1042 pudicae
488 973 611 1042 conjuga
628 975 750 1029 osculnm
766 1021 769 1029 r

239 1045 396 1116 Pari-osque
413 1052 491 1102 natos
508 1052 541 1102 ut
558 1049 655 1117 eapitis
672 1050 760 1104 minor

236 1167 239 1189 ,
274 1121 321 1176 Ab
336 1139 369 1176 se
387 1124 540 1176 removisse¹
551 1128 581 1178 et
598 1124 704 1178 virilem

306 1196 409 1250 Torvus
426 1198 502 1251 humi
518 1199 641 1272 posuisse
658 1199 779 1255 vultum:

190 1315 193 1322 .
237 1270 336 1326 Donec
349 1272 473 1326 labantes
490 1273 601 1340 consilio
618 1277 711 1342 patres
923 1289 949 1331 fl

238 1345 374 1400 Firmaret
391 1352 486 1418 auctor
501 1353 640 1417 nunquam
651 1349 724 1403 alias
740 1349 812 1416 dato,

271 1421 404 1490 Interque
421 1426 577 1476 maerentes
594 1423 695 1476 amieos

306 1495 439 1564 Egregius
457 1501 617 1566 properaret
634 1498 718 1552 exsul.

238 1571 328 1638 Atqui
346 1571 449 1626 sciebat
466 1588 537 1640 quae
555 1572 607 1625 sibi
625 1572 757 1626 barbarus

237 1643 336 1699 Tortor
352 1650 480 1714 pararet3
496 1663 551 1700 non
568 1647 648 1702 aliter
665 1652 756 1702 tamen
922 1662 949 1706 to

272 1719 394 1774 Dimovit
411 1721 553 1776 obstantes
569 1723 736 1792 propinquos
781 1731 785 1740 '

305 1795 342 1849 m
358 1797 488 1864 populum
505 1797 612 1850 reditus
629 1801 789 1864 morantem,

238 1868 325 1933 Quam
343 1871 366 1923 si
383 1871 513 1925 clientum
531 1871 611 1938 longa
628 1873 738 1939 negotia

238 1943 398 2011 Dijudieata
414 1946 464 2000 lite
482 1947 658 2016 relinqueret,

272 2019 399 2074 Tendens
417 2020 587 2075 Venafranos
604 2021 633 2074 in
650 2037 741 2088 agros¹
794 2083 796 2088 Α
815 2044 816 2052 ’
924 2042 947 2084 ss

305 2096 366 2150 Aut
377 2095 628 2150 ¹Lacedaemonium
646 2095 799 2157 Tarentum

125 2329 127 2335 ’
236 2318 363 2376 Dnnm'ra
379 2319 513 2389 majorum
530 2322 682 2378 immeritus
699 2323 767 2393 lues,
808 2321 839 2394 ’ᾗ

238 2395 369 2463 Romane,
388 2397 475 2450 donec
492 2397 595 2465 templa
612 2399 741 2452 refeceris

272 2471 421 2539 Aedesque
439 2471 563 2526 labentes
580 2473 693 2526 deonuu
711 2478 741 2528 et

203 2593 208 2599 .
305 2545 399 2598 Foeda
415 2546 493 2614 nigro
511 2547 654 2600 simulacra
670 2548 751 2602 sumo.

237 2617 287 2672 Dis
304 2623 333 2673 te
351 2621 483 2674 minorem
501 2622 574 2690 quod
591 2622 663 2690 geris
680 2623 815 2691 imperas:
934 2631 945 2670 ⁵

237 2694 312 2750 Hine
327 2712 407 2750 omne
424 2697 594 2765 principium,
612 2697 665 2756 huc
682 2697 755 2750 refer
772 2697 885 2765 exitum,

269 2768 306 2822 Di
324 2771 411 2823 multa
427 2772 544 2839 neglecti
562 2771 699 2825 dedemmt

304 2844 458 2912 Hesperiae
476 2846 547 2898 mala
563 2845 708 2902 luctuosae.

235 2917 300 2972 Jam
317 2918 360 2972 bis
379 2921 523 2974 Monaeses
541 2923 570 2974 et
588 2920 682 2972 Pacori
699 2933 795 2974 manus

234 2992 298 3052 Non
316 2995 470 3062 auspicatos
487 2995 613 3046 contudit
629 2995 748 3058 impetus

268 3067 385 3122 Nostros
403 3072 432 3121 et
449 3067 584 3134 adjecisse
600 3065 730 3133 praedam

302 3141 455 3212 Torquibus
473 3139 578 3205 exiguus
595 3136 709 3191 renidet.
