2116 3424
101 161 135 213 14'
376 156 530 207 Hounrn
547 154 678 207 FLACCI

103 392 234 460 Nunnius,
255 392 334 460 Vere,
353 407 430 447 sacra
446 391 503 446 vite
521 393 599 462 prius
616 394 718 448 severis
735 393 861 452 arborem

104 468 182 522 Circa
200 468 268 522 mite
285 467 372 521 solum
390 467 497 521 Tiburis
514 472 544 522 et
561 469 668 522 moenia
686 470 776 523 Catili.

40 587 42 592 .
104 543 187 597 Siccis
204 543 295 598 omnia
311 560 374 596 nam
391 543 461 596 dura
478 544 546 598 deus
562 545 713 613 proposuit,
731 559 820 614 neque

104 619 249 673 Mordaces
267 619 348 672 aliter
365 619 512 687 diffugiunt
527 619 732 674 sollicitudines.

105 694 173 760 Quis
178 699 242 765 post
249 696 311 748 rina
321 711 431 763 gravem
444 695 568 749 militiam
579 698 628 749 aut
639 693 798 764 pauperiem
809 697 921 763 crepnti
942 710 956 750 s

106 770 175 835 Quis
187 787 241 824 non
255 775 285 825 te
296 771 395 838 potius,
409 771 515 824 Bacche
526 773 613 839 pater,
625 773 717 839 teque,
730 769 830 824 decens
842 770 954 824 Venus?

106 849 147 900 At
163 863 199 900 ne
216 846 278 915 quis
295 845 395 899 modici
413 845 549 899 transiliat
565 861 679 900 munera
696 844 791 899 Liberi
810 879 815 884 -

106 921 260 976 Centaurea
276 924 373 975 monet
388 937 449 974 cum
467 920 590 988 Lapithis
607 921 667 973 rixa
685 936 768 989 super
784 935 860 975 mero

106 995 259 1064 Debellata,
277 1000 370 1050 monet
387 995 519 1049 Sithoniis
535 1011 589 1048 non
606 995 673 1050 levis
692 995 785 1063 liuius,
834 1049 837 1054 ,

106 1071 177 1126 Cum
194 1072 235 1125 ias
250 1074 335 1140 atque
352 1071 429 1125 nefas
446 1071 543 1138 exiguo
560 1071 614 1124 fine
631 1070 776 1124 libidinum
932 1085 956 1126 ro

107 1146 275 1202 Discernunt
291 1146 372 1200 avidi.
408 1146 470 1199 Non
488 1161 539 1213 ego
556 1148 592 1213 te,
610 1145 726 1199 candide
744 1145 885 1216 Bassareu,
930 1213 932 1218 Ι

107 1222 230 1276 Invitum
247 1221 376 1290 quatiam,
393 1237 444 1274 nec
460 1221 542 1274 variis
559 1219 647 1274 obsita
663 1219 807 1275 frondibus

107 1297 165 1352 Sub
182 1299 277 1352 diuum
294 1297 405 1366 rapiam.
440 1293 527 1349 Saeva
543 1297 609 1348 tenc
627 1311 689 1348 cum
708 1295 868 1364 Berecyntio

107 1374 197 1429 Cornu
215 1379 350 1442 tympana,
369 1387 439 1440 quae
457 1369 632 1438 subsequitur
648 1387 745 1426 caecus
764 1373 850 1437 Amor
866 1373 908 1427 sui

107 1445 145 1504 ut
161 1451 260 1503 tollens
277 1463 391 1500 vacuum
408 1446 477 1518 plus'
487 1446 569 1498 nimio
588 1447 680 1501 Gloria
697 1448 835 1517 verticem,
931 1463 957 1506 rs

107 1526 264 1594 Arcnnique
283 1522 367 1577 Fides
382 1521 505 1592 prodiga
522 1521 688 1590 perlucidior
705 1522 785 1580 vitro.

492 1666 572 1722 XIX.

242 1749 349 1805 Manna
369 1765 449 1804 saeva
467 1748 632 1817 Cupidinum

117 1839 127 1858 ¹⁴
209 1825 408 1892 Thebanaeque
422 1822 504 1890 jubet
521 1839 565 1876 me
583 1823 704 1880 Semeles
722 1840 788 1895 puer

244 1900 281 1953 Et
298 1899 398 1952 lasciva
416 1897 538 1950 Licentia

209 1973 310 2028 Finitis
326 1973 446 2026 animum
462 1972 581 2026 reddere
598 1974 742 2032 amoribus.

243 2048 309 2102 Urit
326 2065 370 2101 me
388 2047 519 2116 Glycerae
537 2049 611 2101 nitor
941 2065 955 2104 r

209 2122 385 2192 splendentis
403 2121 483 2176 Pario
500 2137 634 2176 marmore
651 2125 762 2196 purius3

116 2203 129 2238 ν’
244 2197 309 2251 Urit
325 2200 404 2264 grata
419 2198 585 2268 protervitas

210 2273 247 2328 ut
264 2272 355 2326 vultus
371 2271 484 2331 nimium
501 2272 621 2326 lubricus
638 2273 747 2343 adspici.

136 2337 147 2360 '
245 2347 279 2401 In
296 2363 340 2400 me
357 2350 417 2400 tota
432 2363 515 2402 ruens
533 2349 629 2402 Venus

211 2423 329 2493 Cyprum
346 2422 474 2490 deseruit,
492 2440 544 2477 nec
560 2424 664 2492 patitur
681 2425 795 2496 Scythas

245 2500 282 2554 lit
299 2497 384 2554 versis
400 2498 550 2552 animosum
568 2499 646 2568 equis

124 2583 128 2612 ³
210 2573 343 2630 Parthum
361 2574 452 2628 dicere
468 2591 519 2628 nec
536 2591 606 2644 quae
624 2575 691 2628 nihil
709 2577 834 2636 attinent

246 2652 300 2704 Hic
317 2651 409 2705 vivum
426 2651 493 2704 mihi
510 2651 666 2719 caespitem,
684 2653 729 2706 hic

210 2725 361 2796 Verbenas,
379 2727 465 2796 pueri,
483 2727 577 2795 ponite
594 2727 729 2794 thuraque

244 2801 317 2854 Bimi
334 2805 508 2869 cumpatere
525 2801 607 2856 meri:

210 2873 332 2931 Mactata
349 2875 442 2929 veniet
458 2875 545 2928 lenior
562 2875 656 2932 hostia

502 3015 565 3070 XX.

211 3093 284 3150 an
300 3095 407 3163 potabis
424 3095 538 3149 modicis
556 3096 685 3156 Sabinum

211 3168 356 3223 Cantharis
373 3170 479 3224 Graeca
495 3170 570 3238 quod
587 3187 636 3240 ego
653 3173 713 3241 ipse
730 3176 805 3230 testa
