2126 3410
367 100 585 150 SATIRARUM
601 103 639 152 11.
656 103 681 154 2.
899 101 948 148 lec

94 175 175 240 Quin
193 176 290 234 ubido
307 179 421 247 evulgo
438 183 467 234 et
485 198 563 234 scena
579 183 608 234 in
626 185 731 238 secreta
748 185 894 245 remorant¹

16 255 21 267 '
96 251 202 306 Virtus
220 253 361 321 Scipiadae
379 259 408 308 et
425 255 499 308 mitis
517 257 649 323 sapientia
666 256 749 324 Laeli,

95 326 126 380 N
128 329 207 396 agari
226 345 287 381 erun
305 329 351 382 illo
369 334 399 383 et
416 330 540 386 discincti
557 332 653 388 ludere
671 332 758 386 donce
813 390 816 394 ,

97 401 310 472 Decoqueretur
329 405 388 460 olus
406 406 485 461 soliti.
522 406 666 475 Quidquid¹
680 404 739 460 snm
757 424 815 474 ego,
827 407 950 476 quamvis

98 476 179 532 Infra
198 479 284 532 Lucili
301 495 413 534 censum
430 481 629 549 ingeniumque,
647 486 739 538 tamen
757 499 802 536 me
926 496 950 538 π

98 553 169 607 Cum
189 555 295 622 magnis
312 555 412 608 vixisse
430 557 516 609 invita
533 557 664 610 fatebitur
681 573 767 628 usque

98 621 219 690 Invidia,
238 628 267 677 et
284 623 374 690 fragili
392 641 525 691 quaereus
543 625 649 678 illidere
666 625 778 679 dentem

15 731 16 768 3
97 697 236 752 Offendet'
247 698 349 764 sclid03
366 699 416 751 nisi
435 699 500 768 quid
518 703 557 767 tu,
576 700 655 753 docte
673 700 793 766 Trebati,

97 770 258 827 Distentis?
291 774 449 842 “Equidem
467 774 533 827 nihil
550 769 774 829 binc'diffindere
790 790 908 843 possum.
935 841 939 848 Ι

97 847 155 902 Sed
172 853 267 909 temen
284 852 317 902 ut
334 849 453 902 monitus
470 865 572 916 caveas,
591 867 626 904 ne
643 851 714 904 forte
732 850 824 918 negoti
924 868 949 914 m

15 989 16 992 Ἴ
97 924 223 978 incutiat
241 925 293 978 tibi
311 925 378 1002 quid
396 929 550 978 sanctarum
568 925 675 978 inscitia
692 926 799 993 legum:

97 999 126 1052 si
144 999 217 1060 mala
235 999 389 1054 condiderit
406 999 434 1052 in
452 1016 533 1068 quem
551 1000 612 1068 quis
629 1001 755 1069 carmina,
768 1000 816 1068 jus
833 1003 877 1054 est
936 1067 938 1072 Ι

89 1071 316 1144 ,Judiciumquel'
346 1076 361 1103 ‘⁴
369 1075 442 1141 Esto,
462 1075 485 1128 si
503 1075 563 1144 quis
580 1075 669 1141 ¹mala3
693 1076 742 1129 sed
759 1075 830 1129 bona
847 1077 870 1129 si
888 1075 949 1147 quis

96 1151 115 1202 J
117 1151 199 1205 adice
217 1151 372 1205 condiderit
388 1150 516 1205 laudatus
535 1151 710 1216 Caesarei-ei
728 1152 807 1220 quis'

96 1226 260 1296 Opprobriis
278 1226 389 1294 dignum
407 1226 554 1294 latraverit,
572 1227 678 1294 integer
695 1227 785 1295 ipsam
925 1241 948 1298 qs

96 1303 269 1358 “solventur
286 1301 343 1355 risu
360 1300 478 1369 tabulae,
496 1305 528 1355 tu
545 1301 643 1355 missus
661 1301 769 1359 abibis?

501 1443 542 1498 11.
574 1435 577 1440 ’

15 1535 16 1540 ’
96 1539 179 1604 Quen
196 1537 287 1591 virtus
303 1539 331 1590 et
349 1539 458 1605 quanta,
475 1535 547 1604 boni,
566 1537 603 1592 sit
619 1536 711 1592 rivere
727 1507 810 1605 parvo

96 1615 165 1682 (Nec
182 1625 261 1666 meus
279 1611 322 1665 hic
340 1627 428 1666 sermo
446 1615 496 1680 est,
514 1611 563 1666 sed
581 1629 651 1680 quae
667 1614 807 1680 praecepit
826 1611 912 1666 Ofella

95 1689 234 1756 Rusticus,
254 1687 390 1740 abnormis
408 1687 521 1754 sapiens,
539 1703 684 1756 crassaque
702 1687 842 1755 Minerva)
909 1691 913 1696 '
931 1743 934 1749 ,

95 1764 208 1828 Discite,
226 1779 280 1815 non
297 1763 369 1816 inter
386 1762 476 1815 lances
494 1779 657 1830 mensasque
672 1763 792 1816 nitentes
930 1819 933 1824 ,

95 1840 166 1894 Cum
184 1841 279 1905 stupet
296 1837 396 1890 insanis
414 1837 485 1890 acies
502 1837 652 1904 fulgoribus
670 1841 777 1890 etcum
927 1849 948 1901 [s

95 1913 219 1970 Acclinis
238 1912 313 1964 falsis
331 1912 436 1964 animus
453 1912 565 1966 meliora
581 1916 697 1979 recinat,

95 1990 200 2043 Verum
220 1987 264 2040 hic
281 1988 410 2055 impransi
427 2004 533 2040 mecum
551 1987 702 2055 disquirite.
738 1986 794 2040 Gur
810 1987 880 2043 hoel
931 2025 933 2033 ,

95 2062 192 2119 Ilicem
212 2063 235 2116 si
252 2067 354 2130 potere.
390 2062 464 2116 Male
481 2079 575 2115 verum
593 2063 730 2116 examinet
747 2064 834 2116 omnis

95 2141 249 2208 Corruptus
263 2137 359 2206 judex.
394 2137 527 2206 Leporem
545 2141 664 2192 sectatus
682 2154 785 2206 equore

94 2217 196 2270 Lassus
215 2212 408 2280 ab'indomito,
427 2213 469 2266 vel
488 2213 511 2266 si
531 2213 653 2266 Romana
669 2213 780 2281 fatigat*
923 2227 945 2276 ιο

96 2291 197 2345 Militia
216 2293 355 2346 assuetum
372 2288 501 2356 gneum,
519 2305 567 2342 seu
584 2289 640 2356 pile
656 2288 734 2342 velox

95 2367 217 2420 Molliter
234 2368 374 2418 austerum
392 2363 482 2417 studio
499 2363 610 2418 fallente
627 2363 756 2431 laborem,
928 2419 931 2424 ,

97 2444 150 2495 Seu
167 2445 197 2494 te
215 2439 305 2493 discus
323 2439 388 2506 agit,
404 2442 469 2507 pete
487 2439 628 2492 cedentem
646 2443 709 2492 aera
727 2439 816 2505 disc03
929 2489 932 2496 l

97 2517 165 2570 (lum
185 2515 262 2568 labor
272 2509 422 2568 'extuderit
439 2513 557 2580 fastidia,
576 2514 668 2581 siccus,
686 2514 773 2567 inanis
928 2571 930 2575 ,

96 2593 199 2662 Sperne
217 2590 307 2643 cibum
324 2589 422 2653 vilem;
443 2589 495 2643 nisi
514 2581 656 2656 Hymettia
673 2589 753 2646 mella
771 2587 885 2648 Falerno
921 2603 943 2646 u

96 2667 120 2720 N
123 2683 139 2720 e
157 2665 260 2720 biberis
278 2664 372 2718 diluta
408 2664 493 2717 Foris.
504 2669 547 2718 est
564 2680 674 2732 promus
692 2668 721 2718 et
738 2667 828 2720 atrum

97 2739 253 2801 Defendens
270 2740 359 2808 pisces
376 2739 479 2792 hiemet
496 2756 586 2793 mare:
605 2755 666 2792 eum
684 2739 740 2792 sale
757 2738 835 2806 panis
926 2768 929 2781 ·

89 2812 255 2869 latrantem
274 2814 443 2867 stomachum
461 2813 532 2868 bene
548 2814 639 2868 leniet.
674 2813 757 2868 Unde
774 2817 856 2880 putas
876 2816 924 2868 aut

98 2891 149 2955 Qui
166 2890 296 2958 partuml
332 2889 395 2942 Non
412 2888 441 2941 in
458 2905 521 2942 caro
538 2889 634 2943 nidore
651 2888 776 2956 voluptas

97 2967 208 3020 Summa
226 2963 321 3018 sedin
339 2964 443 3031 teipso
461 2969 510 3018 est.
546 2963 587 3016 Tu
603 2964 782 3032 pulmentaria
800 2980 901 3032 quaere
917 2981 941 3020 ao

99 3039 243 3105 Sudand03
263 3039 393 3108 pinguem
410 3038 485 3091 vitiis
502 3038 647 3104 albumque
664 3055 758 3104 neque·
772 3033 862 3092 ostrea

98 3115 155 3173 nec
171 3129 263 3168 scenis
279 3118 328 3168 aut
344 3112 447 3180 poterit
463 3112 607 3179 peregrina
620 3111 717 3178 juvare
735 3111 827 3178 lagois
923 3139 926 3147 ,
