2144 3420
367 175 581 236 somniauit
599 189 635 238 11.
656 190 678 237 5.
898 177 943 237 147

85 257 205 319 Primus
223 267 253 319 et
270 263 393 318 invenior
410 267 489 333 piper
507 266 599 319 album
616 283 677 319 cnm
695 264 751 319 saie
767 265 845 334 nigro

85 339 236 393 incretum
254 339 329 408 puris
347 340 569 408 circumposuisse
586 341 691 395 catillis.
919 333 944 396 'ist

87 414 220 468 Immone
239 419 281 468 est
299 416 394 468 vitium
412 417 479 470 dare
496 417 580 470 millia
597 420 676 470 terna
693 415 805 470 macello

87 493 277 558 Angustoque
295 507 377 558 vagos
394 494 481 560 pisces
498 509 595 560 urgere
613 493 710 547 catino.

87 561 197 630 Magna
214 568 305 618 movet
323 567 461 620 stomacho
477 567 595 634 fastidia,
614 585 663 621 seu
679 585 747 637 puer
764 565 853 620 unctis

87 637 233 692 'lhaetavit
250 640 359 694 culicem
377 643 501 695 manibus
519 642 585 696 dum
602 643 676 696 furta
692 643 799 710 ligurit5
834 643 837 647 ’

87 713 158 766 Sive
175 715 265 781 gravis
283 717 370 770 reteri
388 722 511 771 craterae
528 718 610 772 limus
627 719 759 773 adhaesit.
916 742 943 781 ω

87 787 203 842 Vilibus
220 791 249 843 in
267 793 360 860 scopis,
378 793 407 846 in
424 795 537 862 mappis,
555 795 583 847 in
600 794 679 848 seobe
697 796 815 863 quantus

88 863 227 918 Consistit
245 870 384 935 sumptusi
420 869 446 922 N
449 870 560 936 egiectis
577 870 710 938 flagitium
728 870 832 937 ingens

88 939 150 992 Ten
169 941 273 1008 lapides
291 945 379 996 varios
397 943 533 999 lutulenta
550 945 649 1000 redere
667 946 756 1015 palma

87 1015 128 1068 Et
148 1015 242 1084 Tyrias
260 1017 327 1072 dare
346 1019 447 1073 circum
464 1021 551 1074 inluta
567 1022 665 1076 toralia
682 1025 778 1090 restes

87 1091 220 1145 Oblitum'
235 1099 337 1162 quanto
354 1091 447 1150 curem
465 1100 658 1166 sumptumque
675 1091 808 1150 minorem
915 1111 939 1148 ss

87 1166 99 1219 1
104 1167 171 1220 {aee
189 1167 308 1224 habeant
324 1174 402 1225 tanto
416 1173 580 1240 reprehendi
594 1173 697 1240 justius
714 1171 769 1226 illis

87 1244 170 1306 Quae
187 1244 240 1297 nisi
257 1245 389 1299 divitibus
407 1252 545 1316 nequeant
562 1250 719 1316 contingere
736 1245 837 1300 mensis
843 1243 870 1300 i”

86 1317 199 1372 “Docte
217 1320 285 1389 Cati,
303 1339 354 1390 per
370 1323 517 1376 amicitiam
536 1323 666 1392 divosque
683 1328 801 1390 rogetus,

85 1392 200 1454 Ducere
217 1411 262 1449 me
279 1397 403 1450 auditum
421 1415 519 1485 perges
537 1415 697 1467 quocunque
715 1399 859 1451 memento

85 1469 164 1522 Nam
182 1472 305 1538 quamvis
322 1474 435 1526 memori
453 1474 555 1526 referas
573 1473 639 1526 mihi
657 1477 719 1542 pect
720 1469 766 1525 ore
784 1475 887 1540 cuncta,
914 1487 940 1546 ⁹⁰.

86 1543 154 1597 Non
171 1549 264 1599 tamen
281 1548 418 1615 interpres
436 1549 624 1602 tantundem'
611 1549 724 1617 Juveris.
760 1547 842 1600 Adde

86 1609 207 1673 Vultum
225 1621 403 1691 hahitumque
421 1622 544 1689 hominis,
565 1641 646 1693 quem
664 1627 696 1677 tu
713 1622 813 1675 vidisse
831 1621 928 1674 beatus

84 1694 114 1748 N
116 1713 153 1748 on
171 1697 377 1766 magnipendis
395 1699 460 1768 quia
477 1699 606 1766 contigit3
624 1702 653 1752 at
671 1698 737 1752 mihi
754 1713 820 1750 cuia

85 1770 152 1824 Non
170 1773 340 1826 mediocris
332 1779 411 1842 mest,
392 1775 555 1828 tufontes
557 1775 662 1828 todire
679 1777 797 1828 remotos

86 1849 186 1914 Atque
203 1847 313 1903 haurire
331 1866 429 1918 queam
447 1851 520 1904 ritae
538 1853 685 1919 praecepta
701 1846 820 1902 beatae.’'
915 1862 940 1902 es

498 1989 534 2044 V.

55 2129 60 2136 ,
85 2071 177 2126 “Hoc
194 2089 310 2142 quoqne,
328 2071 439 2141 Tiresia,
456 2077 567 2142 praeter
583 2075 694 2128 narrata
710 2071 817 2143 petenti

85 2145 244 2215 Responde,
263 2149 362 2217 quihus
380 2149 492 2202 amissas
510 2165 637 2218 reparare
654 2165 752 2218 queam
769 2166 814 2202 res

85 2223 205 2276 Artibus
223 2229 306 2290 atque
324 2222 419 2276 modis.
456 2224 529 2288 Quid
546 2225 655 2277 ridesi”
691 2225 732 2277 “J
735 2241 814 2277 amne
832 2223 925 2279 doloso

84 2295 111 2349 N
114 2313 150 2350 on
169 2297 236 2350 setis
254 2303 297 2351 est
316 2297 438 2351 Ithacam
456 2299 550 2353 revehi
568 2299 724 2368 patriosque
741 2305 855 2367 penates

85 2373 279 2442 Adspicerei”
317 2373 363 2426 “0
381 2375 448 2427 nulli
467 2375 616 2442 quidquam
634 2374 756 2440 mentite,
774 2375 851 2426 vides
868 2379 900 2427 ut
925 2389 937 2428 ⁵

83 2447 186 2502 Nudus
204 2450 336 2519 inopsque
355 2450 466 2518 domum
483 2450 603 2517 redeam,
621 2453 650 2502 te
667 2454 736 2515 vate,
754 2465 843 2517 neque
860 2451 914 2503 illie

83 2525 146 2578 Aut
164 2526 297 2592 apotheca
314 2525 402 2594 procis
420 2525 523 2578 intacta
540 2529 583 2578 est
600 2528 648 2578 aut
665 2541 762 2593 pecus;
780 2525 858 2592 atqui

83 2599 123 2653 Et
140 2617 228 2667 genus
246 2605 275 2654 et
296 2601 381 2654 virtus
399 2601 451 2654 nisi
468 2617 530 2654 eum
547 2617 578 2654 re
595 2600 674 2653 vilior
691 2601 751 2667 alga
768 2600 833 2653 est.’'
928 2599 930 2606 ’

83 2675 224 2738 “Quando
241 2676 407 2744 pauperiem,
424 2676 514 2729 missis
531 2675 699 2743 ambagibus,
716 2675 820 2742 horres,

84 2751 190 2820 A²··cipe
209 2769 264 2820 qua
282 2752 388 2805 ratiine
407 2769 491 2820 queas
509 2752 650 2806 ditescere.
685 2749 793 2804 Turdus
919 2772 942 2814 1⁰

84 2827 148 2880 Sive
167 2827 243 2880 aliud
260 2828 366 2902 privum
385 2827 497 2881 dabitur
513 2827 573 2894 tibi,
592 2827 700 2881 devolet
717 2826 780 2879 illuc

84 2901 142 2956 Res
160 2902 208 2955 uhi
225 2919 324 2970 magna
340 2903 412 2955 uitet
430 2901 539 2955 domino
557 2919 634 2967 sene;
652 2902 741 2956 dulcia
758 2916 838 2969 poma

84 2977 123 3030 Et
139 2987 316 3046 quoscunque
334 2977 406 3030 feret
423 2978 512 3030 cultus
529 2977 581 3032 tibi
599 2978 700 3031 fundus
718 2978 834 3029 honores

85 3053 161 3106 Ante
179 3053 279 3106 Larem
297 3055 390 3120 gustet
409 3053 588 3106 venerabilior
607 3053 679 3106 Lare'
694 3052 786 3116 dives;

84 3121 139 3189 Qui
156 3128 281 3196 quamvis
298 3127 425 3194 perjurus
443 3127 503 3193 erit,
521 3127 579 3181 sine
597 3131 686 3194 gente,
703 3129 833 3179 cruentus
913 3135 938 3178 1⁸

84 3200 223 3271 Sanguine
240 3202 370 3270 fraterno,
388 3201 527 3269 fugitivus,
545 3217 580 3254 ne
597 3205 690 3254 tamen
707 3199 747 3252 illi
