2116 3424
358 145 563 198 GARMINUM
580 146 602 197 1.
621 148 660 197 36.
900 150 934 198 21

220 229 264 285 At
279 226 376 294 vulgus
392 224 508 278 infidum
526 229 555 279 et
572 226 702 280 meretrix
720 237 795 282 retro
909 247 934 290 rt

221 300 337 370 Pera'ura
353 301 435 368 eedit,
454 299 601 368 diffisgiunt
617 301 692 355 eedis

255 378 324 434 eum
341 377 417 431 faece
435 377 541 430 siccatis
558 376 644 442 amici,

290 453 376 506 Ferre
390 451 489 520 jugum
505 452 609 520 pariter
627 451 719 506 dolosi.

215 527 320 582 Servos
337 528 440 581 itunnn
459 527 603 581 Caesarem
620 527 649 580 in
665 527 776 581 ultimos

222 601 304 658 Orbis
323 603 468 656 Britannos
486 605 515 656 et
528 601 661 670 juvenum
678 618 772 656 reeens
911 617 934 657 nu

257 678 379 746 Exainen
398 677 462 730 Eois
478 677 631 731 timendum

292 752 421 807 Partibus
439 751 601 821 Oeeanoque
617 751 710 806 rubi-e.

225 827 302 882 Itheu
319 828 476 882 cicatricum
493 832 523 881 et
540 826 651 881 seeleris
666 826 753 896 pudet

225 903 415 971 Fratrumque.
452 902 525 968 Quid
540 919 592 957 nes
610 902 679 956 dura
695 903 843 971 refugimus

259 979 365 1033 Aetesi
384 977 452 1047 quid
467 978 601 1032 intentum
618 978 717 1032 nefasti
913 993 937 1032 ae

293 1053 453 1122 Liquimusi
475 1053 549 1106 unde
566 1069 676 1107 manum
689 1053 821 1121 juventus

226 1125 304 1182 Metu
321 1129 435 1182 deomm
452 1128 606 1182 eontinuitl
623 1127 723 1196 quibus

226 1201 352 1271 Pepereit
369 1203 443 1258 arisi
480 1203 503 1256 Ο
521 1203 627 1258 utinum
643 1219 713 1256 nova

259 1278 364 1332 Ineude
381 1277 506 1346 diffingas
523 1281 646 1332 retusum
663 1278 692 1331 in

293 1353 464 1421 Massagetes
481 1352 644 1420 Arabasque
660 1353 780 1408 serrum!
913 1369 938 1410 sn

448 1565 587 1622 XXXVL

227 1653 269 1722 llr
284 1653 366 1711 thure
382 1657 411 1710 et
428 1655 529 1710 fidibus
542 1655 623 1724 juvat

262 1728 374 1784 Plaeare
392 1733 421 1784 et
437 1730 516 1784 vituli
535 1731 665 1800 sanguine
682 1731 776 1788 debite

228 1803 367 1860 Gmtedes.
380 1805 518 1858 Numidae
536 1805 609 1873 deos,

262 1880 316 1944 Qui
332 1889 404 1934 nune
422 1880 557 1948 Hesperia
574 1896 667 1950 sospes
683 1881 719 1935 ab
736 1881 832 1936 ultima

229 1954 306 2010 caris
322 1955 409 2010 multa
426 1955 572 2028 sodalibus,
929 1971 941 2010 t

262 2029 338 2084 Nulli
355 2030 434 2099 plura
450 2034 543 2084 tamen
561 2030 660 2085 dividit
677 2031 766 2086 oscilla

229 2104 318 2170 Quem
334 2104 408 2159 dulei
426 2105 545 2173 Lamiae,
562 2121 666 2160 memor

264 2181 352 2234 Aetee
370 2197 423 2234 non
440 2180 493 2234 alio
510 2197 576 2248 rege
592 2181 717 2250 puertiae

229 2253 409 2324 Mutataeque
426 2255 507 2310 simul
524 2259 629 2329 togae.¹

263 2329 361 2384 Cressa
377 2346 413 2384 ne
430 2334 521 2385 eareat
538 2331 652 2399 pulchra
669 2331 728 2388 dies
745 2335 817 2400 nota,
920 2347 941 2386 ιο

229 2403 293 2459 Neu
309 2408 450 2474 promptae
467 2405 565 2459 modus
581 2407 734 2474 amphorae,

264 2479 327 2534 Neu
343 2495 447 2535 morem
464 2481 493 2534 in
511 2480 615 2534 Selium
633 2481 670 2536 sit
686 2482 795 2550 requies
812 2479 921 2549 pedum,

229 2553 293 2612 Neu
308 2555 389 2609 multi
407 2555 529 2610 Damalis
547 2557 615 2610 men'

264 2629 380 2684 Bessum
398 2630 523 2700 Threicia
539 2631 631 2686 vineat
648 2630 787 2699 amystide,

229 2703 292 2758 Neu
309 2705 401 2760 desint
418 2706 505 2775 epulis
522 2723 608 2775 rosae,
918 2718 941 2758 rt

264 2779 327 2834 Neu
344 2781 424 2834 vivax
441 2781 541 2850 apium,
558 2799 613 2836 neu
629 2780 713 2834 breve
730 2780 822 2834 lilium.

228 2853 332 2912 Omnes
347 2855 378 2910 in
396 2855 523 2912 Damalin
539 2860 634 2924 putres
733 2909 736 2916 ,

264 2928 409 2997 Deponent
426 2930 524 2996 oeulos,
543 2945 593 2983 nee
610 2929 731 2983 Damalis
748 2945 817 2986 neve

230 3000 382 3057 Divelletur
399 3004 530 3070 adultero,

183 3089 188 3100 ’
264 3076 385 3132 Lascivis
401 3077 511 3130 hederis
528 3075 701 3132 ambitiosior.
915 3087 939 3122 en
