<?xml version="1.0" encoding="UTF-8"?>
<!DOCTYPE html PUBLIC "-//W3C//DTD XHTML 1.0 Transitional//EN"
    "http://www.w3.org/TR/xhtml1/DTD/xhtml1-transitional.dtd">
<html xmlns="http://www.w3.org/1999/xhtml" xml:lang="en" lang="en">
 <head>
  <title>
</title>
<meta http-equiv="Content-Type" content="text/html;charset=utf-8" />
  <meta name='ocr-system' content='tesseract 3.04.00' />
  <meta name='ocr-capabilities' content='ocr_page ocr_carea ocr_par ocr_line ocrx_word'/>
</head>
<body>
  <div class='ocr_page' id='page_1' title='image "./quintihoratiifl00maclgoog_0109.png"; bbox 0 0 2126 3410; ppageno 0'>
   <div class='ocr_carea' id='block_1_1' title="bbox 8 51 129 3182">
    <p class='ocr_par' dir='ltr' id='par_1_1' title="bbox 8 1 129 3250">
     <span class='ocr_line' id='line_1_1' title="bbox 10 51 123 232; baseline 0.034 -4"><span class='ocrx_word' id='word_1_1' title='bbox 10 51 16 228; x_wconf 76' lang='lat' dir='ltr'><strong>l</strong></span> <span class='ocrx_word' id='word_1_2' title='bbox 115 221 123 232; x_wconf 83' lang='grc'><strong>,</strong></span> 
     </span>
     <span class='ocr_line' id='line_1_2' title="bbox 10 323 129 500; baseline 0.05 -52"><span class='ocrx_word' id='word_1_3' title='bbox 10 323 31 434; x_wconf 73' lang='lat' dir='ltr'><strong>l·</strong></span> <span class='ocrx_word' id='word_1_4' title='bbox 96 443 129 500; x_wconf 73' lang='lat'><strong>,</strong></span> 
     </span>
     <span class='ocr_line' id='line_1_3' title="bbox 9 1041 13 1250; baseline 0 0"><span class='ocrx_word' id='word_1_5' title='bbox 9 1041 13 1250; x_wconf 83' lang='lat' dir='ltr'><strong>l</strong></span> 
     </span>
     <span class='ocr_line' id='line_1_4' title="bbox 9 1301 13 1534; baseline 0 0"><span class='ocrx_word' id='word_1_6' title='bbox 9 1301 13 1534; x_wconf 83' lang='lat' dir='ltr'><strong>l</strong></span> 
     </span>
     <span class='ocr_line' id='line_1_5' title="bbox 8 1601 18 1866; baseline 2.2 -19"><span class='ocrx_word' id='word_1_7' title='bbox 8 1601 18 1866; x_wconf 84' lang='lat' dir='ltr'><strong>l</strong></span> 
     </span>
     <span class='ocr_line' id='line_1_6' title="bbox 8 2989 13 3182; baseline 0 58"><span class='ocrx_word' id='word_1_8' title='bbox 8 2989 13 3182; x_wconf 79' lang='lat' dir='ltr'><strong>l</strong></span> 
     </span>
    </p>
   </div>
   <div class='ocr_carea' id='block_1_2' title="bbox 160 130 1005 1996">
    <p class='ocr_par' dir='ltr' id='par_1_2' title="bbox 160 130 1005 1996">
     <span class='ocr_line' id='line_1_7' title="bbox 353 130 947 191; baseline 0.005 -10"><span class='ocrx_word' id='word_1_9' title='bbox 353 131 498 181; x_wconf 79' lang='lat' dir='ltr'>EPODON</span> <span class='ocrx_word' id='word_1_10' title='bbox 515 130 690 191; x_wconf 66' lang='lat' dir='ltr'><strong>naam-12.</strong></span> <span class='ocrx_word' id='word_1_11' title='bbox 915 135 947 185; x_wconf 70' lang='grc'><strong>17</strong></span> 
     </span>
     <span class='ocr_line' id='line_1_8' title="bbox 162 209 950 278; baseline -0.003 -10"><span class='ocrx_word' id='word_1_12' title='bbox 162 211 222 268; x_wconf 84' lang='lat' dir='ltr'><strong>Hie</strong></span> <span class='ocrx_word' id='word_1_13' title='bbox 237 211 338 266; x_wconf 78' lang='lat' dir='ltr'><strong>tertius</strong></span> <span class='ocrx_word' id='word_1_14' title='bbox 355 210 515 278; x_wconf 76' lang='lat' dir='ltr'><strong>December,</strong></span> <span class='ocrx_word' id='word_1_15' title='bbox 532 227 568 264; x_wconf 80' lang='lat' dir='ltr'><strong>ex</strong></span> <span class='ocrx_word' id='word_1_16' title='bbox 585 225 640 278; x_wconf 87' lang='lat' dir='ltr'><strong>qno</strong></span> <span class='ocrx_word' id='word_1_17' title='bbox 657 209 754 266; x_wconf 75' lang='lat' dir='ltr'><strong>domu</strong></span> <span class='ocrx_word' id='word_1_18' title='bbox 936 225 950 266; x_wconf 76' lang='grc' dir='ltr'>ι</span> 
     </span>
     <span class='ocr_line' id='line_1_9' title="bbox 199 284 804 352; baseline -0.002 -12"><span class='ocrx_word' id='word_1_19' title='bbox 199 285 313 340; x_wconf 83' lang='lat' dir='ltr'><strong>Inachia</strong></span> <span class='ocrx_word' id='word_1_20' title='bbox 329 285 431 352; x_wconf 85' lang='lat' dir='ltr'><strong>furere,</strong></span> <span class='ocrx_word' id='word_1_21' title='bbox 450 285 524 338; x_wconf 77' lang='lat' dir='ltr'><strong>silvia</strong></span> <span class='ocrx_word' id='word_1_22' title='bbox 540 284 672 338; x_wconf 89' lang='lat' dir='ltr'><strong>honorem</strong></span> <span class='ocrx_word' id='word_1_23' title='bbox 690 285 804 339; x_wconf 84' lang='lat' dir='ltr'><strong>decutit</strong></span> 
     </span>
     <span class='ocr_line' id='line_1_10' title="bbox 163 359 899 430; baseline -0.004 -15"><span class='ocrx_word' id='word_1_24' title='bbox 163 361 231 416; x_wconf 86' lang='lat' dir='ltr'><strong>Heu</strong></span> <span class='ocrx_word' id='word_1_25' title='bbox 248 377 300 428; x_wconf 87' lang='lat' dir='ltr'><strong>me,</strong></span> <span class='ocrx_word' id='word_1_26' title='bbox 318 377 369 430; x_wconf 89' lang='lat' dir='ltr'><strong>per</strong></span> <span class='ocrx_word' id='word_1_27' title='bbox 386 360 589 414; x_wconf 89' lang='lat' dir='ltr'><strong>Urbem-nam</strong></span> <span class='ocrx_word' id='word_1_28' title='bbox 606 359 693 427; x_wconf 81' lang='lat' dir='ltr'><strong>pudet</strong></span> <span class='ocrx_word' id='word_1_29' title='bbox 710 360 781 413; x_wconf 86' lang='lat' dir='ltr'><strong>tanti</strong></span> <span class='ocrx_word' id='word_1_30' title='bbox 799 359 899 413; x_wconf 89' lang='lat' dir='ltr'><strong>mali-</strong></span> 
     </span>
     <span class='ocr_line' id='line_1_11' title="bbox 199 433 911 503; baseline -0.001 -13"><span class='ocrx_word' id='word_1_31' title='bbox 199 435 305 490; x_wconf 81' lang='lat' dir='ltr'><strong>Fabala</strong></span> <span class='ocrx_word' id='word_1_32' title='bbox 322 439 426 503; x_wconf 85' lang='lat' dir='ltr'><strong>quanta</strong></span> <span class='ocrx_word' id='word_1_33' title='bbox 442 433 499 488; x_wconf 77' lang='lat' dir='ltr'><strong>mi!</strong></span> <span class='ocrx_word' id='word_1_34' title='bbox 535 434 726 488; x_wconf 80' lang='lat' dir='ltr'><strong>Conririorum</strong></span> <span class='ocrx_word' id='word_1_35' title='bbox 744 437 772 488; x_wconf 90' lang='lat' dir='ltr'><strong>et</strong></span> <span class='ocrx_word' id='word_1_36' title='bbox 789 435 911 503; x_wconf 72' lang='lat' dir='ltr'><strong>poenitet</strong></span> 
     </span>
     <span class='ocr_line' id='line_1_12' title="bbox 163 507 836 578; baseline -0.007 -14"><span class='ocrx_word' id='word_1_37' title='bbox 163 510 199 564; x_wconf 93' lang='lat' dir='ltr'><strong>ln</strong></span> <span class='ocrx_word' id='word_1_38' title='bbox 217 511 279 578; x_wconf 83' lang='lat' dir='ltr'><strong>quia</strong></span> <span class='ocrx_word' id='word_1_39' title='bbox 296 511 434 563; x_wconf 84' lang='lat' dir='ltr'><strong>amantem</strong></span> <span class='ocrx_word' id='word_1_40' title='bbox 450 508 564 576; x_wconf 84' lang='lat' dir='ltr'><strong>languor</strong></span> <span class='ocrx_word' id='word_1_41' title='bbox 581 512 611 562; x_wconf 90' lang='lat' dir='ltr'><strong>et</strong></span> <span class='ocrx_word' id='word_1_42' title='bbox 628 507 767 562; x_wconf 77' lang='lat' dir='ltr'><strong>silentium</strong></span> <span class='ocrx_word' id='word_1_43' title='bbox 834 535 836 542; x_wconf 86' lang='grc'><strong><em>·</em></strong></span> 
     </span>
     <span class='ocr_line' id='line_1_13' title="bbox 199 583 945 652; baseline 0 -14"><span class='ocrx_word' id='word_1_44' title='bbox 199 585 300 652; x_wconf 82' lang='lat' dir='ltr'><strong>Arguit</strong></span> <span class='ocrx_word' id='word_1_45' title='bbox 318 587 347 639; x_wconf 84' lang='lat' dir='ltr'><strong>et</strong></span> <span class='ocrx_word' id='word_1_46' title='bbox 363 584 451 638; x_wconf 86' lang='lat' dir='ltr'><strong>latere</strong></span> <span class='ocrx_word' id='word_1_47' title='bbox 466 585 571 652; x_wconf 86' lang='lat' dir='ltr'><strong>petitua</strong></span> <span class='ocrx_word' id='word_1_48' title='bbox 587 583 642 636; x_wconf 89' lang='lat' dir='ltr'><strong>imo</strong></span> <span class='ocrx_word' id='word_1_49' title='bbox 659 583 778 650; x_wconf 77' lang='lat' dir='ltr'><strong>spiritua</strong></span> <span class='ocrx_word' id='word_1_50' title='bbox 923 599 945 638; x_wconf 81' lang='lat' dir='ltr'><strong>ro</strong></span> 
     </span>
     <span class='ocr_line' id='line_1_14' title="bbox 161 657 768 713; baseline -0.007 0"><span class='ocrx_word' id='word_1_51' title='bbox 161 659 320 713; x_wconf 82' lang='lat' dir='ltr'><strong>“Contrane</strong></span> <span class='ocrx_word' id='word_1_52' title='bbox 337 659 443 712; x_wconf 89' lang='lat' dir='ltr'><strong>lucrum</strong></span> <span class='ocrx_word' id='word_1_53' title='bbox 457 657 498 710; x_wconf 90' lang='lat' dir='ltr'><strong>nil</strong></span> <span class='ocrx_word' id='word_1_54' title='bbox 516 658 605 710; x_wconf 84' lang='lat' dir='ltr'><strong>valere</strong></span> <span class='ocrx_word' id='word_1_55' title='bbox 622 657 768 710; x_wconf 87' lang='lat' dir='ltr'><strong>candidmn</strong></span> 
     </span>
     <span class='ocr_line' id='line_1_15' title="bbox 197 730 909 802; baseline 0.003 -16"><span class='ocrx_word' id='word_1_56' title='bbox 197 732 330 802; x_wconf 81' lang='lat' dir='ltr'><strong>Pauperis</strong></span> <span class='ocrx_word' id='word_1_57' title='bbox 346 733 485 801; x_wconf 84' lang='lat' dir='ltr'><strong>ingenium</strong></span> <span class='ocrx_word' id='word_1_58' title='bbox 492 733 516 787; x_wconf 83' lang='lat' dir='ltr'><strong>i”</strong></span> <span class='ocrx_word' id='word_1_59' title='bbox 535 731 671 800; x_wconf 83' lang='lat' dir='ltr'><strong>querebar</strong></span> <span class='ocrx_word' id='word_1_60' title='bbox 687 732 833 800; x_wconf 80' lang='lat' dir='ltr'><strong>applorans</strong></span> <span class='ocrx_word' id='word_1_61' title='bbox 848 730 909 788; x_wconf 72' lang='lat' dir='ltr'><strong>abt</strong></span> 
     </span>
     <span class='ocr_line' id='line_1_16' title="bbox 162 806 681 864; baseline -0.01 -1"><span class='ocrx_word' id='word_1_62' title='bbox 162 808 249 864; x_wconf 75' lang='lat' dir='ltr'><strong>Simul</strong></span> <span class='ocrx_word' id='word_1_63' title='bbox 266 808 380 862; x_wconf 80' lang='lat' dir='ltr'><strong>calentia</strong></span> <span class='ocrx_word' id='word_1_64' title='bbox 397 807 595 862; x_wconf 86' lang='lat' dir='ltr'><strong>inverecundus</strong></span> <span class='ocrx_word' id='word_1_65' title='bbox 613 806 681 859; x_wconf 82' lang='lat' dir='ltr'><strong>deus</strong></span> 
     </span>
     <span class='ocr_line' id='line_1_17' title="bbox 196 879 802 949; baseline -0.003 -13"><span class='ocrx_word' id='word_1_66' title='bbox 196 883 356 937; x_wconf 78' lang='lat' dir='ltr'><strong>Ferridiore</strong></span> <span class='ocrx_word' id='word_1_67' title='bbox 372 899 448 936; x_wconf 89' lang='lat' dir='ltr'><strong>mero</strong></span> <span class='ocrx_word' id='word_1_68' title='bbox 465 898 564 936; x_wconf 86' lang='lat' dir='ltr'><strong>arcana</strong></span> <span class='ocrx_word' id='word_1_69' title='bbox 580 884 719 949; x_wconf 88' lang='lat' dir='ltr'><strong>promorat</strong></span> <span class='ocrx_word' id='word_1_70' title='bbox 735 879 802 935; x_wconf 83' lang='lat' dir='ltr'><strong>loco</strong></span> 
     </span>
     <span class='ocr_line' id='line_1_18' title="bbox 161 955 1005 1025; baseline 0 -15"><span class='ocrx_word' id='word_1_71' title='bbox 161 957 266 1022; x_wconf 82' lang='lat' dir='ltr'><strong>Quodsi</strong></span> <span class='ocrx_word' id='word_1_72' title='bbox 282 957 353 1011; x_wconf 83' lang='lat' dir='ltr'><strong>meis</strong></span> <span class='ocrx_word' id='word_1_73' title='bbox 369 958 506 1012; x_wconf 78' lang='lat' dir='ltr'><strong>inaestuat</strong></span> <span class='ocrx_word' id='word_1_74' title='bbox 522 955 690 1025; x_wconf 78' lang='lat' dir='ltr'><strong>praecordiis</strong></span> <span class='ocrx_word' id='word_1_75' title='bbox 922 970 944 1010; x_wconf 75' lang='lat' dir='ltr'><strong>re</strong></span> <span class='ocrx_word' id='word_1_76' title='bbox 1000 965 1005 976; x_wconf 79' lang='lat'><strong>¹</strong></span> 
     </span>
     <span class='ocr_line' id='line_1_19' title="bbox 196 1029 874 1099; baseline 0 -15"><span class='ocrx_word' id='word_1_77' title='bbox 196 1032 297 1086; x_wconf 87' lang='lat' dir='ltr'><strong>Libera</strong></span> <span class='ocrx_word' id='word_1_78' title='bbox 314 1032 384 1099; x_wconf 81' lang='lat' dir='ltr'><strong>bilia,</strong></span> <span class='ocrx_word' id='word_1_79' title='bbox 402 1035 436 1086; x_wconf 88' lang='lat' dir='ltr'><strong>ut</strong></span> <span class='ocrx_word' id='word_1_80' title='bbox 451 1032 519 1086; x_wconf 87' lang='lat' dir='ltr'><strong>baec</strong></span> <span class='ocrx_word' id='word_1_81' title='bbox 536 1032 645 1098; x_wconf 84' lang='lat' dir='ltr'><strong>ingrata</strong></span> <span class='ocrx_word' id='word_1_82' title='bbox 660 1030 750 1084; x_wconf 77' lang='lat' dir='ltr'><strong>ventu</strong></span> <span class='ocrx_word' id='word_1_83' title='bbox 767 1029 874 1084; x_wconf 84' lang='lat' dir='ltr'><strong>dividat</strong></span> 
     </span>
     <span class='ocr_line' id='line_1_20' title="bbox 160 1105 723 1171; baseline -0.004 -11"><span class='ocrx_word' id='word_1_84' title='bbox 160 1106 295 1161; x_wconf 76' lang='lat' dir='ltr'><strong>Fomenta</strong></span> <span class='ocrx_word' id='word_1_85' title='bbox 310 1107 408 1160; x_wconf 82' lang='lat' dir='ltr'><strong>vulnus</strong></span> <span class='ocrx_word' id='word_1_86' title='bbox 424 1106 464 1160; x_wconf 91' lang='lat' dir='ltr'><strong>nil</strong></span> <span class='ocrx_word' id='word_1_87' title='bbox 480 1106 581 1160; x_wconf 82' lang='lat' dir='ltr'><strong>malum</strong></span> <span class='ocrx_word' id='word_1_88' title='bbox 598 1105 723 1171; x_wconf 78' lang='lat' dir='ltr'><strong>levantia,</strong></span> 
     </span>
     <span class='ocr_line' id='line_1_21' title="bbox 196 1180 880 1250; baseline 0.001 -17"><span class='ocrx_word' id='word_1_89' title='bbox 196 1181 311 1236; x_wconf 83' lang='lat' dir='ltr'><strong>Desinet</strong></span> <span class='ocrx_word' id='word_1_90' title='bbox 328 1181 477 1250; x_wconf 78' lang='lat' dir='ltr'><strong>imparibus</strong></span> <span class='ocrx_word' id='word_1_91' title='bbox 493 1185 599 1235; x_wconf 86' lang='lat' dir='ltr'><strong>certare</strong></span> <span class='ocrx_word' id='word_1_92' title='bbox 616 1183 766 1233; x_wconf 79' lang='lat' dir='ltr'><strong>summotus</strong></span> <span class='ocrx_word' id='word_1_93' title='bbox 783 1180 880 1248; x_wconf 93' lang='lat' dir='ltr'><strong>pudor.</strong></span> 
     </span>
     <span class='ocr_line' id='line_1_22' title="bbox 160 1254 785 1324; baseline -0.003 -14"><span class='ocrx_word' id='word_1_94' title='bbox 160 1255 218 1310; x_wconf 87' lang='lat' dir='ltr'><strong>Ubi</strong></span> <span class='ocrx_word' id='word_1_95' title='bbox 235 1256 303 1310; x_wconf 87' lang='lat' dir='ltr'><strong>haee</strong></span> <span class='ocrx_word' id='word_1_96' title='bbox 319 1273 431 1310; x_wconf 75' lang='lat' dir='ltr'><strong>severus</strong></span> <span class='ocrx_word' id='word_1_97' title='bbox 448 1259 478 1309; x_wconf 90' lang='lat' dir='ltr'><strong>te</strong></span> <span class='ocrx_word' id='word_1_98' title='bbox 494 1255 584 1324; x_wconf 80' lang='lat' dir='ltr'><strong>palam</strong></span> <span class='ocrx_word' id='word_1_99' title='bbox 601 1254 785 1322; x_wconf 68' lang='lat' dir='ltr'><strong>laudaveram,</strong></span> 
     </span>
     <span class='ocr_line' id='line_1_23' title="bbox 195 1329 943 1398; baseline 0.001 -15"><span class='ocrx_word' id='word_1_100' title='bbox 195 1330 295 1384; x_wconf 78' lang='lat' dir='ltr'><strong>luanus</strong></span> <span class='ocrx_word' id='word_1_101' title='bbox 311 1331 387 1384; x_wconf 89' lang='lat' dir='ltr'><strong>abire</strong></span> <span class='ocrx_word' id='word_1_102' title='bbox 404 1331 515 1384; x_wconf 88' lang='lat' dir='ltr'><strong>domum</strong></span> <span class='ocrx_word' id='word_1_103' title='bbox 530 1329 641 1384; x_wconf 83' lang='lat' dir='ltr'><strong>ferebar</strong></span> <span class='ocrx_word' id='word_1_104' title='bbox 656 1330 761 1382; x_wconf 87' lang='lat' dir='ltr'><strong>incerto</strong></span> <span class='ocrx_word' id='word_1_105' title='bbox 779 1329 850 1398; x_wconf 89' lang='lat' dir='ltr'><strong>pede</strong></span> <span class='ocrx_word' id='word_1_106' title='bbox 918 1345 943 1384; x_wconf 75' lang='lat' dir='ltr'><strong>aa</strong></span> 
     </span>
     <span class='ocr_line' id='line_1_24' title="bbox 160 1405 780 1474; baseline -0.005 -14"><span class='ocrx_word' id='word_1_107' title='bbox 160 1405 211 1460; x_wconf 83' lang='lat' dir='ltr'><strong>Ad</strong></span> <span class='ocrx_word' id='word_1_108' title='bbox 226 1422 280 1460; x_wconf 92' lang='lat' dir='ltr'><strong>non</strong></span> <span class='ocrx_word' id='word_1_109' title='bbox 297 1407 398 1459; x_wconf 84' lang='lat' dir='ltr'><strong>amieos</strong></span> <span class='ocrx_word' id='word_1_110' title='bbox 414 1405 468 1459; x_wconf 88' lang='lat' dir='ltr'><strong>heu</strong></span> <span class='ocrx_word' id='word_1_111' title='bbox 485 1405 552 1458; x_wconf 89' lang='lat' dir='ltr'><strong>mihi</strong></span> <span class='ocrx_word' id='word_1_112' title='bbox 570 1408 663 1474; x_wconf 80' lang='lat' dir='ltr'><strong>postea</strong></span> <span class='ocrx_word' id='word_1_113' title='bbox 680 1408 710 1458; x_wconf 89' lang='lat' dir='ltr'><strong>et</strong></span> <span class='ocrx_word' id='word_1_114' title='bbox 726 1405 780 1457; x_wconf 90' lang='lat' dir='ltr'><strong>heu</strong></span> 
     </span>
     <span class='ocr_line' id='line_1_25' title="bbox 196 1478 895 1552; baseline -0.003 -19"><span class='ocrx_word' id='word_1_115' title='bbox 196 1479 302 1533; x_wconf 83' lang='lat' dir='ltr'><strong>Limina</strong></span> <span class='ocrx_word' id='word_1_116' title='bbox 320 1480 396 1548; x_wconf 89' lang='lat' dir='ltr'><strong>dura,</strong></span> <span class='ocrx_word' id='word_1_117' title='bbox 414 1479 513 1548; x_wconf 82' lang='lat' dir='ltr'><strong>quibus</strong></span> <span class='ocrx_word' id='word_1_118' title='bbox 529 1479 636 1532; x_wconf 81' lang='lat' dir='ltr'><strong>lumbos</strong></span> <span class='ocrx_word' id='word_1_119' title='bbox 654 1483 684 1532; x_wconf 88' lang='lat' dir='ltr'><strong>et</strong></span> <span class='ocrx_word' id='word_1_120' title='bbox 700 1479 798 1552; x_wconf 77' lang='lat' dir='ltr'><strong>infregi</strong></span> <span class='ocrx_word' id='word_1_121' title='bbox 814 1478 895 1532; x_wconf 77' lang='lat' dir='ltr'><strong>latua</strong></span> 
     </span>
     <span class='ocr_line' id='line_1_26' title="bbox 160 1553 769 1623; baseline -0.005 -14"><span class='ocrx_word' id='word_1_122' title='bbox 160 1555 188 1609; x_wconf 84' lang='lat' dir='ltr'>N</span> <span class='ocrx_word' id='word_1_123' title='bbox 190 1571 241 1609; x_wconf 90' lang='lat' dir='ltr'><strong>unc</strong></span> <span class='ocrx_word' id='word_1_124' title='bbox 256 1555 400 1622; x_wconf 79' lang='lat' dir='ltr'><strong>gloriantis</strong></span> <span class='ocrx_word' id='word_1_125' title='bbox 417 1554 568 1623; x_wconf 74' lang='lat' dir='ltr'><strong>quamlibet</strong></span> <span class='ocrx_word' id='word_1_126' title='bbox 584 1553 769 1607; x_wconf 89' lang='lat' dir='ltr'><strong>mulierculam</strong></span> 
     </span>
     <span class='ocr_line' id='line_1_27' title="bbox 197 1627 822 1697; baseline -0.003 -15"><span class='ocrx_word' id='word_1_127' title='bbox 197 1629 445 1683; x_wconf 83' lang='lat' dir='ltr'><strong>Vincerenrollitie</strong></span> <span class='ocrx_word' id='word_1_128' title='bbox 461 1645 537 1682; x_wconf 87' lang='lat' dir='ltr'><strong>amor</strong></span> <span class='ocrx_word' id='word_1_129' title='bbox 554 1627 657 1697; x_wconf 71' lang='lat' dir='ltr'><strong>Lycisci</strong></span> <span class='ocrx_word' id='word_1_130' title='bbox 674 1644 719 1681; x_wconf 91' lang='lat' dir='ltr'><strong>me</strong></span> <span class='ocrx_word' id='word_1_131' title='bbox 736 1630 822 1695; x_wconf 85' lang='lat' dir='ltr'><strong>tenet,</strong></span> 
     </span>
     <span class='ocr_line' id='line_1_28' title="bbox 161 1703 942 1773; baseline -0.001 -16"><span class='ocrx_word' id='word_1_132' title='bbox 161 1703 244 1758; x_wconf 85' lang='lat' dir='ltr'><strong>Unde</strong></span> <span class='ocrx_word' id='word_1_133' title='bbox 260 1705 391 1773; x_wconf 85' lang='lat' dir='ltr'><strong>expedire</strong></span> <span class='ocrx_word' id='word_1_134' title='bbox 407 1720 461 1756; x_wconf 91' lang='lat' dir='ltr'><strong>non</strong></span> <span class='ocrx_word' id='word_1_135' title='bbox 478 1703 625 1756; x_wconf 87' lang='lat' dir='ltr'><strong>amicornm</strong></span> <span class='ocrx_word' id='word_1_136' title='bbox 643 1706 746 1772; x_wconf 85' lang='lat' dir='ltr'><strong>queant</strong></span> <span class='ocrx_word' id='word_1_137' title='bbox 917 1715 942 1756; x_wconf 75' lang='lat'><strong>2⁵</strong></span> 
     </span>
     <span class='ocr_line' id='line_1_29' title="bbox 196 1777 805 1844; baseline -0.002 -14"><span class='ocrx_word' id='word_1_138' title='bbox 196 1778 297 1832; x_wconf 78' lang='lat' dir='ltr'><strong>libera</strong></span> <span class='ocrx_word' id='word_1_139' title='bbox 313 1779 424 1832; x_wconf 80' lang='lat' dir='ltr'><strong>consilia</strong></span> <span class='ocrx_word' id='word_1_140' title='bbox 440 1794 489 1831; x_wconf 88' lang='lat' dir='ltr'><strong>nee</strong></span> <span class='ocrx_word' id='word_1_141' title='bbox 506 1777 686 1830; x_wconf 74' lang='lat' dir='ltr'><strong>contumeliae</strong></span> <span class='ocrx_word' id='word_1_142' title='bbox 701 1791 805 1844; x_wconf 82' lang='lat' dir='ltr'><strong>graves,</strong></span> 
     </span>
     <span class='ocr_line' id='line_1_30' title="bbox 160 1850 787 1920; baseline -0.005 -13"><span class='ocrx_word' id='word_1_143' title='bbox 160 1852 219 1907; x_wconf 86' lang='lat' dir='ltr'><strong>Sed</strong></span> <span class='ocrx_word' id='word_1_144' title='bbox 235 1853 304 1906; x_wconf 82' lang='lat' dir='ltr'><strong>alius</strong></span> <span class='ocrx_word' id='word_1_145' title='bbox 321 1853 403 1906; x_wconf 86' lang='lat' dir='ltr'><strong>ardor</strong></span> <span class='ocrx_word' id='word_1_146' title='bbox 419 1857 468 1906; x_wconf 88' lang='lat' dir='ltr'><strong>aut</strong></span> <span class='ocrx_word' id='word_1_147' title='bbox 483 1851 591 1920; x_wconf 89' lang='lat' dir='ltr'><strong>puellae</strong></span> <span class='ocrx_word' id='word_1_148' title='bbox 607 1850 740 1905; x_wconf 77' lang='lat' dir='ltr'><strong>madidae</strong></span> <span class='ocrx_word' id='word_1_149' title='bbox 783 1885 787 1896; x_wconf 85' lang='lat'><strong>·</strong></span> 
     </span>
     <span class='ocr_line' id='line_1_31' title="bbox 197 1925 996 1996; baseline -0.005 -14"><span class='ocrx_word' id='word_1_150' title='bbox 197 1929 255 1982; x_wconf 81' lang='lat' dir='ltr'><strong>Aut</strong></span> <span class='ocrx_word' id='word_1_151' title='bbox 272 1927 370 1981; x_wconf 80' lang='lat' dir='ltr'><strong>teretia</strong></span> <span class='ocrx_word' id='word_1_152' title='bbox 385 1927 464 1996; x_wconf 90' lang='lat' dir='ltr'><strong>pueri</strong></span> <span class='ocrx_word' id='word_1_153' title='bbox 481 1927 589 1995; x_wconf 84' lang='lat' dir='ltr'><strong>longam</strong></span> <span class='ocrx_word' id='word_1_154' title='bbox 606 1925 764 1980; x_wconf 77' lang='lat' dir='ltr'><strong>renodantis</strong></span> <span class='ocrx_word' id='word_1_155' title='bbox 781 1941 893 1980; x_wconf 88' lang='lat' dir='ltr'><strong>comam.</strong></span> <span class='ocrx_word' id='word_1_156' title='bbox 983 1947 996 1972; x_wconf 76' lang='lat' dir='ltr'><strong>o</strong></span> 
     </span>
    </p>
   </div>
   <div class='ocr_carea' id='block_1_3' title="bbox 156 2146 938 3182">
    <p class='ocr_par' dir='ltr' id='par_1_3' title="bbox 162 2146 894 2293">
     <span class='ocr_line' id='line_1_32' title="bbox 162 2146 894 2216; baseline -0.007 -12"><span class='ocrx_word' id='word_1_157' title='bbox 162 2150 237 2214; x_wconf 80' lang='lat' dir='ltr'><strong>Qun&gt;</strong></span> <span class='ocrx_word' id='word_1_158' title='bbox 254 2150 306 2204; x_wconf 87' lang='lat' dir='ltr'><strong>tibi</strong></span> <span class='ocrx_word' id='word_1_159' title='bbox 324 2150 372 2216; x_wconf 80' lang='lat' dir='ltr'><strong>ris,</strong></span> <span class='ocrx_word' id='word_1_160' title='bbox 390 2149 489 2204; x_wconf 86' lang='lat' dir='ltr'><strong>mulier</strong></span> <span class='ocrx_word' id='word_1_161' title='bbox 504 2149 592 2216; x_wconf 79' lang='lat' dir='ltr'><strong>nigris</strong></span> <span class='ocrx_word' id='word_1_162' title='bbox 608 2147 769 2215; x_wconf 78' lang='lat' dir='ltr'><strong>dignissima</strong></span> <span class='ocrx_word' id='word_1_163' title='bbox 784 2146 894 2200; x_wconf 67' lang='lat' dir='ltr'><strong>barris}</strong></span> 
     </span>
     <span class='ocr_line' id='line_1_33' title="bbox 195 2222 727 2293; baseline -0.009 -15"><span class='ocrx_word' id='word_1_164' title='bbox 195 2225 311 2278; x_wconf 84' lang='lat' dir='ltr'><strong>Munera</strong></span> <span class='ocrx_word' id='word_1_165' title='bbox 328 2226 395 2293; x_wconf 84' lang='lat' dir='ltr'><strong>qrrid</strong></span> <span class='ocrx_word' id='word_1_166' title='bbox 411 2224 478 2277; x_wconf 90' lang='lat' dir='ltr'><strong>mihi</strong></span> <span class='ocrx_word' id='word_1_167' title='bbox 495 2223 595 2292; x_wconf 87' lang='lat' dir='ltr'><strong>quidve</strong></span> <span class='ocrx_word' id='word_1_168' title='bbox 611 2222 727 2275; x_wconf 82' lang='lat' dir='ltr'><strong>tabellas</strong></span> 
     </span>
    </p>

    <p class='ocr_par' dir='ltr' id='par_1_4' title="bbox 159 2294 852 2441">
     <span class='ocr_line' id='line_1_34' title="bbox 159 2294 852 2365; baseline -0.004 -13"><span class='ocrx_word' id='word_1_169' title='bbox 159 2299 251 2353; x_wconf 81' lang='lat' dir='ltr'><strong>Mittis</strong></span> <span class='ocrx_word' id='word_1_170' title='bbox 267 2315 319 2352; x_wconf 91' lang='lat' dir='ltr'><strong>nec</strong></span> <span class='ocrx_word' id='word_1_171' title='bbox 334 2301 414 2352; x_wconf 87' lang='lat' dir='ltr'><strong>firmo</strong></span> <span class='ocrx_word' id='word_1_172' title='bbox 427 2297 522 2365; x_wconf 85' lang='lat' dir='ltr'><strong>juveni</strong></span> <span class='ocrx_word' id='word_1_173' title='bbox 538 2313 628 2364; x_wconf 87' lang='lat' dir='ltr'><strong>neque</strong></span> <span class='ocrx_word' id='word_1_174' title='bbox 644 2296 717 2348; x_wconf 84' lang='lat' dir='ltr'><strong>naris</strong></span> <span class='ocrx_word' id='word_1_175' title='bbox 735 2294 852 2349; x_wconf 78' lang='lat' dir='ltr'><strong>obesaei</strong></span> 
     </span>
     <span class='ocr_line' id='line_1_35' title="bbox 194 2369 669 2441; baseline -0.008 -15"><span class='ocrx_word' id='word_1_176' title='bbox 194 2373 320 2441; x_wconf 89' lang='lat' dir='ltr'><strong>Namque</strong></span> <span class='ocrx_word' id='word_1_177' title='bbox 338 2373 460 2441; x_wconf 79' lang='lat' dir='ltr'><strong>sagacius</strong></span> <span class='ocrx_word' id='word_1_178' title='bbox 476 2388 547 2424; x_wconf 83' lang='lat' dir='ltr'><strong>unua</strong></span> <span class='ocrx_word' id='word_1_179' title='bbox 564 2369 669 2436; x_wconf 88' lang='lat' dir='ltr'><strong>odomr,</strong></span> 
     </span>
    </p>

    <p class='ocr_par' dir='ltr' id='par_1_5' title="bbox 161 2441 938 2587">
     <span class='ocr_line' id='line_1_36' title="bbox 161 2441 938 2515; baseline -0.008 -14"><span class='ocrx_word' id='word_1_180' title='bbox 161 2447 279 2515; x_wconf 81' lang='lat' dir='ltr'><strong>Polypus</strong></span> <span class='ocrx_word' id='word_1_181' title='bbox 296 2464 330 2500; x_wconf 85' lang='lat' dir='ltr'><strong>on</strong></span> <span class='ocrx_word' id='word_1_182' title='bbox 347 2447 438 2514; x_wconf 80' lang='lat' dir='ltr'><strong>gravis</strong></span> <span class='ocrx_word' id='word_1_183' title='bbox 455 2445 567 2498; x_wconf 77' lang='lat' dir='ltr'><strong>hirsutis</strong></span> <span class='ocrx_word' id='word_1_184' title='bbox 584 2444 666 2498; x_wconf 82' lang='lat' dir='ltr'><strong>cubet</strong></span> <span class='ocrx_word' id='word_1_185' title='bbox 682 2443 774 2497; x_wconf 73' lang='lat' dir='ltr'><strong>hircus</strong></span> <span class='ocrx_word' id='word_1_186' title='bbox 790 2443 818 2496; x_wconf 89' lang='lat' dir='ltr'><strong>in</strong></span> <span class='ocrx_word' id='word_1_187' title='bbox 835 2441 894 2510; x_wconf 80' lang='lat' dir='ltr'><strong>alis,</strong></span> <span class='ocrx_word' id='word_1_188' title='bbox 925 2457 938 2496; x_wconf 75' lang='lat' dir='ltr'><strong>a</strong></span> 
     </span>
     <span class='ocr_line' id='line_1_37' title="bbox 194 2519 688 2587; baseline -0.008 -11"><span class='ocrx_word' id='word_1_189' title='bbox 194 2523 281 2587; x_wconf 80' lang='lat' dir='ltr'><strong>Quam</strong></span> <span class='ocrx_word' id='word_1_190' title='bbox 298 2523 372 2576; x_wconf 82' lang='lat' dir='ltr'><strong>canis</strong></span> <span class='ocrx_word' id='word_1_191' title='bbox 389 2538 452 2574; x_wconf 84' lang='lat' dir='ltr'><strong>acer</strong></span> <span class='ocrx_word' id='word_1_192' title='bbox 468 2521 515 2574; x_wconf 90' lang='lat' dir='ltr'><strong>ubi</strong></span> <span class='ocrx_word' id='word_1_193' title='bbox 532 2519 618 2573; x_wconf 86' lang='lat' dir='ltr'><strong>lateat</strong></span> <span class='ocrx_word' id='word_1_194' title='bbox 635 2535 688 2572; x_wconf 79' lang='lat' dir='ltr'><strong>auc.</strong></span> 
     </span>
    </p>

    <p class='ocr_par' dir='ltr' id='par_1_6' title="bbox 159 2589 938 2738">
     <span class='ocr_line' id='line_1_38' title="bbox 159 2589 938 2663; baseline -0.006 -14"><span class='ocrx_word' id='word_1_195' title='bbox 159 2595 212 2660; x_wconf 84' lang='lat' dir='ltr'><strong>Qui</strong></span> <span class='ocrx_word' id='word_1_196' title='bbox 230 2597 313 2650; x_wconf 79' lang='lat' dir='ltr'><strong>sudor</strong></span> <span class='ocrx_word' id='word_1_197' title='bbox 329 2597 410 2650; x_wconf 86' lang='lat' dir='ltr'><strong>vietis</strong></span> <span class='ocrx_word' id='word_1_198' title='bbox 427 2600 456 2650; x_wconf 90' lang='lat' dir='ltr'><strong>ct</strong></span> <span class='ocrx_word' id='word_1_199' title='bbox 473 2611 555 2663; x_wconf 86' lang='lat' dir='ltr'><strong>quam</strong></span> <span class='ocrx_word' id='word_1_200' title='bbox 569 2593 656 2647; x_wconf 85' lang='lat' dir='ltr'><strong>malus</strong></span> <span class='ocrx_word' id='word_1_201' title='bbox 670 2592 792 2660; x_wconf 88' lang='lat' dir='ltr'><strong>undique</strong></span> <span class='ocrx_word' id='word_1_202' title='bbox 807 2589 938 2645; x_wconf 74' lang='lat' dir='ltr'><strong>membris</strong></span> 
     </span>
     <span class='ocr_line' id='line_1_39' title="bbox 194 2667 664 2738; baseline -0.009 -14"><span class='ocrx_word' id='word_1_203' title='bbox 194 2670 299 2724; x_wconf 76' lang='lat' dir='ltr'><strong>Crescit</strong></span> <span class='ocrx_word' id='word_1_204' title='bbox 316 2671 392 2737; x_wconf 85' lang='lat' dir='ltr'><strong>odor,</strong></span> <span class='ocrx_word' id='word_1_205' title='bbox 410 2686 472 2724; x_wconf 89' lang='lat' dir='ltr'><strong>cum</strong></span> <span class='ocrx_word' id='word_1_206' title='bbox 489 2685 560 2738; x_wconf 85' lang='lat' dir='ltr'><strong>pene</strong></span> <span class='ocrx_word' id='word_1_207' title='bbox 577 2667 664 2721; x_wconf 80' lang='lat' dir='ltr'><strong>soluto</strong></span> 
     </span>
    </p>

    <p class='ocr_par' dir='ltr' id='par_1_7' title="bbox 159 2739 936 2883">
     <span class='ocr_line' id='line_1_40' title="bbox 159 2739 882 2814; baseline -0.01 -15"><span class='ocrx_word' id='word_1_208' title='bbox 159 2745 325 2799; x_wconf 80' lang='lat' dir='ltr'><strong>Indomitum</strong></span> <span class='ocrx_word' id='word_1_209' title='bbox 342 2748 471 2814; x_wconf 82' lang='lat' dir='ltr'><strong>properat</strong></span> <span class='ocrx_word' id='word_1_210' title='bbox 487 2743 591 2797; x_wconf 86' lang='lat' dir='ltr'><strong>rabiem</strong></span> <span class='ocrx_word' id='word_1_211' title='bbox 609 2742 721 2806; x_wconf 65' lang='lat' dir='ltr'><strong>sedam</strong></span> <span class='ocrx_word' id='word_1_212' title='bbox 738 2755 828 2807; x_wconf 89' lang='lat' dir='ltr'><strong>neque</strong></span> <span class='ocrx_word' id='word_1_213' title='bbox 843 2739 882 2792; x_wconf 88' lang='lat' dir='ltr'><strong>illi</strong></span> 
     </span>
     <span class='ocr_line' id='line_1_41' title="bbox 192 2816 936 2883; baseline -0.007 -10"><span class='ocrx_word' id='word_1_214' title='bbox 192 2819 256 2873; x_wconf 77' lang='lat' dir='ltr'><strong>lam</strong></span> <span class='ocrx_word' id='word_1_215' title='bbox 274 2824 366 2873; x_wconf 86' lang='lat' dir='ltr'><strong>monet</strong></span> <span class='ocrx_word' id='word_1_216' title='bbox 382 2818 495 2872; x_wconf 87' lang='lat' dir='ltr'><strong>humida</strong></span> <span class='ocrx_word' id='word_1_217' title='bbox 511 2820 587 2871; x_wconf 87' lang='lat' dir='ltr'><strong>creta</strong></span> <span class='ocrx_word' id='word_1_218' title='bbox 604 2816 730 2883; x_wconf 89' lang='lat' dir='ltr'><strong>colorque</strong></span> <span class='ocrx_word' id='word_1_219' title='bbox 914 2828 936 2869; x_wconf 84' lang='lat' dir='ltr'><strong>re</strong></span> 
     </span>
    </p>

    <p class='ocr_par' dir='ltr' id='par_1_8' title="bbox 156 2887 826 3034">
     <span class='ocr_line' id='line_1_42' title="bbox 156 2887 826 2958; baseline -0.013 -10"><span class='ocrx_word' id='word_1_220' title='bbox 156 2893 282 2948; x_wconf 82' lang='lat' dir='ltr'><strong>Stercore</strong></span> <span class='ocrx_word' id='word_1_221' title='bbox 299 2894 407 2947; x_wconf 85' lang='lat' dir='ltr'><strong>fucatus</strong></span> <span class='ocrx_word' id='word_1_222' title='bbox 423 2891 558 2958; x_wconf 90' lang='lat' dir='ltr'><strong>crocodili,</strong></span> <span class='ocrx_word' id='word_1_223' title='bbox 572 2891 687 2958; x_wconf 84' lang='lat' dir='ltr'><strong>jamque</strong></span> <span class='ocrx_word' id='word_1_224' title='bbox 704 2887 826 2942; x_wconf 77' lang='lat' dir='ltr'><strong>subando</strong></span> 
     </span>
     <span class='ocr_line' id='line_1_43' title="bbox 191 2965 678 3034; baseline -0.012 -13"><span class='ocrx_word' id='word_1_225' title='bbox 191 2967 280 3021; x_wconf 74' lang='lat' dir='ltr'><strong>lenta</strong></span> <span class='ocrx_word' id='word_1_226' title='bbox 296 2967 395 3021; x_wconf 89' lang='lat' dir='ltr'><strong>cubilia</strong></span> <span class='ocrx_word' id='word_1_227' title='bbox 413 2970 542 3034; x_wconf 86' lang='lat' dir='ltr'><strong>tectaque</strong></span> <span class='ocrx_word' id='word_1_228' title='bbox 559 2965 678 3032; x_wconf 86' lang='lat' dir='ltr'><strong>rumpit!</strong></span> 
     </span>
    </p>

    <p class='ocr_par' dir='ltr' id='par_1_9' title="bbox 156 3033 826 3182">
     <span class='ocr_line' id='line_1_44' title="bbox 156 3033 826 3105; baseline -0.01 -10"><span class='ocrx_word' id='word_1_229' title='bbox 156 3041 210 3095; x_wconf 85' lang='lat' dir='ltr'><strong>Vel</strong></span> <span class='ocrx_word' id='word_1_230' title='bbox 227 3057 289 3095; x_wconf 89' lang='lat' dir='ltr'><strong>mea</strong></span> <span class='ocrx_word' id='word_1_231' title='bbox 306 3057 368 3094; x_wconf 89' lang='lat' dir='ltr'><strong>cum</strong></span> <span class='ocrx_word' id='word_1_232' title='bbox 385 3040 474 3093; x_wconf 83' lang='lat' dir='ltr'><strong>saeris</strong></span> <span class='ocrx_word' id='word_1_233' title='bbox 490 3040 578 3105; x_wconf 77' lang='lat' dir='ltr'><strong>agitat</strong></span> <span class='ocrx_word' id='word_1_234' title='bbox 594 3036 705 3088; x_wconf 78' lang='lat' dir='ltr'><strong>fastidia</strong></span> <span class='ocrx_word' id='word_1_235' title='bbox 721 3033 826 3088; x_wconf 79' lang='lat' dir='ltr'><strong>verbis:</strong></span> 
     </span>
     <span class='ocr_line' id='line_1_45' title="bbox 191 3113 665 3182; baseline -0.021 -14"><span class='ocrx_word' id='word_1_236' title='bbox 191 3115 303 3170; x_wconf 83' lang='lat' dir='ltr'><strong>Inachia</strong></span> <span class='ocrx_word' id='word_1_237' title='bbox 319 3115 432 3182; x_wconf 77' lang='lat' dir='ltr'><strong>languea</strong></span> <span class='ocrx_word' id='word_1_238' title='bbox 448 3113 538 3164; x_wconf 71' lang='lat' dir='ltr'><strong>minue</strong></span> <span class='ocrx_word' id='word_1_239' title='bbox 555 3125 586 3160; x_wconf 90' lang='lat' dir='ltr'><strong>ac</strong></span> <span class='ocrx_word' id='word_1_240' title='bbox 603 3124 665 3168; x_wconf 83' lang='lat' dir='ltr'><strong>me;</strong></span> 
     </span>
    </p>
   </div>
   <div class='ocr_carea' id='block_1_4' title="bbox 0 0 1068 3410">
    <p class='ocr_par' dir='ltr' id='par_1_10' title="bbox 0 0 1068 3410">
     <span class='ocr_line' id='line_1_46' title="bbox 0 0 1068 3410; baseline 0 0"><span class='ocrx_word' id='word_1_241' title='bbox 0 0 1068 3410; x_wconf 95' lang='lat' dir='ltr'><strong> </strong></span> 
     </span>
    </p>
   </div>
  </div>
 </body>
</html>
