2144 3420
306 151 307 154 ’
399 169 469 218 nas
485 167 647 219 Ponrron.
891 165 940 218 'eoa
1061 163 1062 250 l

80 245 185 298 Primo
202 263 237 300 ne
255 245 383 312 medium,
402 245 493 299 medio
511 262 547 300 ne
565 247 703 316 discrepet
714 240 815 303 imum,

10 313 12 390 ζ
81 319 130 372 Τιι
150 319 220 387 quid
238 335 289 386 ego
308 323 337 374 et
354 319 470 389 populus
487 336 594 374 meeum
613 321 754 374 desideret
770 321 846 377 audi:

10 399 11 406 ’
82 393 118 446 Si
138 394 275 462 plausoris
292 410 357 462 eges
375 394 471 448 aulaea
488 395 623 448 manentis
641 397 774 463 eiusque

82 468 200 522 Sessuri
217 468 304 523 donee
321 473 416 524 cantor
429 469 502 524 ‘Vos
520 469 654 538 plaudite'
674 469 755 535 dieat,
908 485 940 525 ur

84 543 206 598 Aetatis
223 544 356 613 cujusque
372 543 485 598 notandi
503 547 567 598 sunt
583 543 634 598 tibi
652 561 748 612 mores,

84 618 297 687 Mobilibusque
314 619 396 672 decor
413 619 519 674 naturis
536 619 644 672 dandus
662 623 692 674 et
707 621 796 676 annis*

85 693 224 749 Reddere
242 693 288 762 qui
306 709 386 748 voees
400 693 460 762 jam
479 695 531 748 scit
548 711 617 764 puer
635 698 665 748 et
682 695 754 764 pede
771 699 846 749 cerlo

86 768 191 836 Signat
207 769 328 836 humum,
347 770 432 838 gestit
450 769 561 838 paribus
578 769 724 837 colludere,
742 773 772 824 et
790 771 858 823 iram

86 843 206 911 Colligit
223 859 255 898 ac
272 844 350 911 ponit
368 847 479 910 temere,
497 845 527 898 et
545 847 668 898 mutatur
685 845 714 898 in
732 845 819 898 horas
908 860 940 898 reo

87 917 241 972 Imberbus
255 917 363 986 juvenis
381 919 493 972 tandem
511 918 625 972 custode
642 923 748 973 remoto

87 993 205 1048 Gaudet
223 994 300 1062 equis
318 993 484 1061 canibusque
503 997 533 1047 et
550 993 634 1061 aprici
651 995 774 1061 gramine
792 996 887 1062 campi,

88 1068 197 1122 Cereus
214 1068 243 1121 in
261 1068 355 1122 uitium
375 1068 455 1133 flecti,
473 1067 653 1122 monitoribus
670 1085 757 1137 asper,

88 1143 211 1198 Utilium
230 1141 326 1197 tardus
343 1143 471 1212 provisor,
487 1143 618 1212 prodigus
635 1144 713 1212 aeris,

76 1217 223 1272 ·Sublimis
240 1218 408 1287 cupidusque
425 1221 455 1272 et
473 1221 563 1271 amata
580 1218 735 1287 relinquere
751 1222 855 1288 pernix.
907 1235 939 1273 res

90 1293 238 1346 Conversis
257 1292 355 1347 studiis
373 1297 448 1346 aetas
466 1293 626 1362 animusque
643 1295 729 1348 virilis

91 1367 209 1431 Quaerit
227 1383 293 1436 opes
309 1371 339 1422 et
355 1365 496 1435 amicitias,
513 1368 628 1422 inservit
644 1369 747 1436 honori,

91 1443 268 1497 Commisisse
285 1446 363 1497 cavet
380 1443 455 1510 quod
472 1459 536 1496 mox
552 1447 660 1497 mutare
672 1443 790 1504 laboret.

91 1516 183 1572 Multa
200 1533 292 1572 senem
309 1518 522 1572 circumveniunt
538 1517 714 1586 incommoda,
731 1520 774 1572 vel
792 1519 864 1587 quod

92 1591 208 1655 Quaerit
225 1595 256 1647 et
272 1593 390 1648 inuentis
406 1593 490 1646 miser
507 1592 628 1647 abstinet
643 1609 675 1647 ac
691 1595 772 1648 timet
788 1595 837 1660 uti,
906 1609 938 1649 uo

92 1665 146 1720 Vel
164 1667 238 1736 quod
255 1683 301 1721 res
319 1683 412 1722 omnes
429 1667 526 1744 timide
544 1668 688 1736 gelideque
705 1669 846 1736 ministret,
896 1676 898 1680 “

10 1779 11 1794 2
92 1741 208 1810 Dilator,
226 1759 275 1811 spe
291 1743 394 1811 longus,
412 1743 491 1806 iners,
509 1741 658 1810 avidusque
675 1743 769 1812 futuri,

10 1831 11 1840 ¹
92 1816 224 1883 Difficilis,
242 1817 378 1887 querulus,
395 1817 521 1870 laudator
538 1818 669 1885 temporis
686 1818 739 1870 acti

93 1893 130 1946 Se
147 1909 239 1962 puero,
257 1893 403 1964 castigator
419 1908 568 1960 censorque
585 1892 726 1946 minorum.

10 1983 11 2016 t
94 1968 183 2022 Multa
199 1969 292 2022 ferunt
309 1969 371 2022 anni
388 1969 529 2022 venientes
547 1967 687 2022 commoda
702 1985 799 2037 secum,
888 1982 937 2042 *ut

10 2045 11 2066 ¹
94 2043 183 2097 Multa
200 2039 360 2096 recedentes
376 2043 507 2096 adimunt.
543 2042 587 2097 Ne
603 2041 674 2097 forto
693 2043 791 2097 seniles

94 2117 260 2172 Mandentur
273 2117 370 2186 juveni
387 2121 479 2187 partes
496 2114 636 2187 pueroque
653 2119 751 2185 uiriles,
808 2143 811 2148 ·

10 2203 11 2220 ¹
94 2194 207 2263 Semper
224 2194 252 2246 in
270 2193 407 2261 adjunctis
425 2209 545 2260 aevoque
562 2190 729 2247 morabimur
746 2194 823 2261 aptis

95 2269 154 2322 Aut
169 2268 261 2335 agitur
277 2284 323 2322 res
339 2267 368 2320 in
386 2267 474 2321 scenis
491 2272 539 2321 aut
556 2271 618 2322 acta
634 2269 759 2322 refertur.

95 2342 208 2411 Segnius
224 2342 335 2396 irritent
352 2342 456 2396 animos
474 2341 591 2396 demisso
608 2357 658 2410 per
675 2359 776 2411 aurern,
906 2359 938 2398 teu

10 2439 12 2470 ε
95 2417 182 2482 Quam
199 2433 269 2490 quae
286 2419 350 2470 eunt
368 2417 452 2470 oculis
470 2416 595 2484 subjecta
611 2415 745 2484 fidelibus,
762 2420 792 2470 et
810 2434 879 2486 quae

10 2545 12 2560 ,
96 2493 159 2561 Ipse
176 2493 228 2546 sibi
246 2492 333 2546 tradit
350 2495 511 2561 spectatorz‘
526 2508 580 2546 non
597 2495 689 2545 tamen
706 2492 780 2544 intus

95 2566 184 2634 Digna
200 2568 260 2634 geri
277 2582 385 2638 promes
401 2567 430 2620 in
447 2583 562 2633 scenam,
581 2566 720 2634 multaque
738 2566 817 2620 tolles

10 2701 11 2714 χ
96 2642 137 2694 Ex
153 2643 236 2696 oculis
254 2658 324 2710 quoe
342 2658 405 2694 mox
422 2646 517 2695 narret
533 2641 660 2694 facundia
676 2657 811 2710 praesens.

10 2719 11 2722 ’
96 2715 139 2770 Ne
154 2732 252 2784 pucros
270 2733 360 2770 eoram
377 2717 477 2786 populo
495 2716 594 2770 Medea
611 2715 737 2784 trucidet,
902 2732 934 2771 18⁵

97 2793 153 2844 Aut
169 2790 288 2844 humana
304 2791 394 2860 palam
411 2794 510 2858 coquat
528 2795 591 2844 exta
609 2791 728 2843 nefarius
747 2793 859 2858 Atreus,

97 2867 154 2920 Aur
169 2865 198 2918 in
216 2883 293 2920 avem
312 2867 415 2922 Procne
433 2869 564 2934 vertatur,
583 2864 702 2920 Cadmus
720 2867 749 2919 in
768 2883 891 2934 anguem.
998 2892 1000 2894 ·

98 2939 279 3008 Quodcunque
297 2940 418 2996 ostendis
435 2941 502 2992 mihi
519 2941 557 2994 sie
574 2941 730 2994 incredulus
748 2943 815 2997 odi,

98 3014 124 3068 N
125 3030 170 3067 ere
187 3015 274 3068 minor
290 3032 345 3069 neu
362 3015 399 3069 sit
416 3015 511 3083 quinto
528 3015 686 3084 productior
703 3020 766 3070 actu

98 3089 204 3153 Fabula,
222 3107 293 3158 quae
309 3090 384 3160 posci
400 3090 460 3143 uult
475 3093 504 3142 et
522 3093 643 3158 spectata
660 3091 773 3159 reponi;
905 3106 938 3147 mo

98 3163 157 3286 Nelql
171 3164 238 3218 deus
256 3166 365 3219 intersit
382 3163 433 3218 nisi
451 3163 550 3232 dignus
567 3164 673 3218 vindice
690 3165 776 3218 nodus
