2116 3424
261 99 262 102 ’
363 111 722 172 unanimiores.
940 114 968 166 17

256 193 297 246 Tu
312 197 415 246 fmstra
432 194 494 261 pius
512 193 567 247 heu
581 195 636 246 'non
654 194 694 248 ita
711 193 846 250 creditum

290 268 382 320 Poscis
401 268 577 332 Quinctilium
595 268 669 322 deos.

256 343 358 407 Quodsi
377 343 501 397 Threicio
518 342 645 398 blandius
664 343 772 412 Orpheo

256 420 389 473 Auditum
406 420 550 474 moderere
569 419 711 473 arboribus
729 419 820 486 fidem,

257 495 318 549 Non
337 509 422 548 vanae
441 496 538 550 redeat
556 496 664 564 sanguis
682 495 801 564 imagini,
947 511 966 549 11

290 571 377 634 Quam
394 573 471 640 virga
489 572 573 626 semel
590 571 703 624 horrida

256 645 282 698 N
284 663 317 700 on
336 647 404 700 lenis
421 647 547 714 precibus
564 648 621 700 1111
638 645 781 700 recludere
865 661 869 668 ·

255 722 340 790 Nigro
358 724 520 792 compulerit
538 723 689 776 Mercurius
707 719 791 790 gregi.

256 797 375 852 Durum:
393 799 443 851 sed
460 799 545 852 levius
563 799 595 852 fit
611 799 744 866 patientia

291 873 431 942 Quidquid
448 875 582 942 ‹muigere
601 878 644 929 est
661 874 744 928 nefas
945 888 967 926 ao

256 1096 378 1152 Priamus
390 1015 645 1166 juncwsxgllgffl
662 1097 797 1152 fenestras

257 1173 362 1226 Ictibus
379 1172 482 1225 crebris
496 1171 613 1239 juvenes
631 1174 759 1241 protervi,

256 1248 282 1301 N
284 1265 315 1301 ee
332 1248 383 1302 tibi
401 1264 509 1301 somnos
526 1249 658 1318 adimunt,
676 1253 804 1318 anmtque

323 1323 413 1376 Janua
429 1323 519 1390 limen,

256 1399 331 1462 Quae
348 1399 425 1467 prius
442 1399 557 1452 multum
576 1399 661 1452 facilis
678 1399 805 1452 movebat
948 1409 962 1448 5

256 1474 405 1538 Cardines;
423 1474 501 1527 audis
518 1475 607 1527 miuus
625 1479 654 1528 et
671 1475 760 1527 minus
773 1474 845 1543 jam:

218 1558 220 1561 ’
255 1549 389 1604 “Metuo
406 1549 500 1616 longas
517 1554 650 1618 pereunte
667 1553 769 1616 noctes,

323 1624 416 1694 Lydia,
435 1625 575 1679 dormisi'’

255 1699 376 1766 Invicem
393 1700 519 1753 moechos
536 1716 604 1752 anus
622 1703 779 1767 arrogantes
889 1765 892 1770 Ι

255 1773 347 1828 Flebis
364 1775 392 1826 in
411 1775 467 1828 solo
484 1775 551 1828 levis
569 1775 720 1842 angiportu,

254 1849 367 1902 'l'hracio
384 1849 533 1903 bacchante
551 1851 637 1918 magis
654 1849 704 1903 sub
722 1851 802 1904 iuter-

321 1924 396 1978 lunia
412 1929 501 1991 vento,

255 1998 323 2052 (tum
340 1999 391 2052 tibi
409 2000 524 2067 flagrans
541 2017 618 2053 amor
635 2003 663 2054 et
680 2000 765 2054 libido

168 2085 173 2092 ’
255 2073 330 2137 Quae
348 2075 417 2128 solet
434 2078 536 2128 matres
553 2075 654 2128 furiare
672 2093 801 2144 equorum
858 2113 871 2134 ·.

255 2149 364 2204 Saeviet
382 2152 453 2204 circa
466 2149 546 2218 jecur
563 2151 723 2220 ulcerosum,
753 2167 755 2172 ·
940 2177 963 2216 u

322 2227 348 2278 N
350 2243 385 2279 on
402 2227 460 2280 sine
478 2229 576 2294 questu

254 2300 340 2355 Laeta
357 2302 431 2370 quod
448 2302 535 2370 pubes
551 2301 653 2354 hedera
669 2302 793 2356 virente

254 2377 380 2430 Gaudeat
396 2377 470 2444 pidia
487 2377 572 2444 magis
589 2381 672 2445 atquo
689 2383 784 2448 myrto,

254 2452 355 2506 Aridas
372 2453 482 2506 frondes
499 2453 596 2506 hiemis
614 2453 699 2508 sodali

321 2528 438 2584 Dedicat
457 2528 559 2582 Hebro.

476 2670 595 2728 ‚XXVL

253 2754 340 2810 Musis
357 2756 459 2810 amicus
475 2755 617 2810 tristitiam
634 2759 663 2809 et
679 2755 770 2808 metus

253 2829 369 2884 'fredam
387 2831 521 2900 protervis
538 2831 567 2884 in
584 2847 659 2884 mare
678 2829 815 2883 Oreticum

286 2907 400 2962 Portare
418 2907 515 2975 ventis,
532 2907 593 2975 quis
611 2905 661 2959 sub
680 2905 766 2958 Arcto

320 2983 380 3035 Rex
397 2981 505 3050 gelidae
523 2984 661 3034 metuatur
678 2996 749 3046 orae,

251 3055 324 3119 Quid
342 3057 481 3110 Tiridaten
500 3058 603 3107 terreat
620 3053 698 3104 unice

250 3131 374 3186 Securus.
409 3131 441 3197 Ο,
459 3146 528 3198 quae
546 3127 666 3180 fontibus
684 3127 796 3193 integris
