2144 3420
11 107 13 194 l

335 165 589 216 EPISTULARUM
606 168 629 216 I.
649 168 686 216 10.
895 167 939 220 171

88 245 182 302 Multa
198 247 310 316 quidem
328 246 386 300 dixi
403 262 452 300 eur
469 251 613 301 exeramus
631 247 753 314 abirem3

89 322 148 376 Sed
164 322 245 376 timui
262 338 323 375 mea
340 337 375 374 no
393 322 503 375 finxisse
520 323 626 375 minora
646 327 765 390 putarer,

11 391 12 430 ι
89 397 284 450 Dissimulator
300 397 360 464 opis
376 397 509 464 propriae,
527 398 594 450 mihi
612 397 768 450 commodus
785 399 839 452 uni.

89 473 137 525 Sia
153 489 205 540 ego
222 473 333 542 majoris
350 473 458 540 fugiens
475 473 620 541 opprobria
636 473 731 542 eulpae
789 503 797 522 ·.
919 487 941 528 ro

89 547 202 600 Frontis
219 545 392 602 ad'urbanae
410 547 683 616 deseendipraemia.
719 547 821 612 Quodsi

89 622 253 690 Depositum
270 623 365 676 laudas
383 623 418 676 ob
435 623 514 676 amici
527 623 605 691 jussa
621 623 761 692 pudorem,

89 697 185 751 Scribe
203 697 245 751 tui
262 697 354 766 gregis
370 698 442 752 huno
459 703 489 752 et
504 699 604 753 fortem
622 698 704 753 erede
720 698 882 768 bonumque.

88 919 182 974 Unnrs
200 922 348 973 amatorem
366 920 485 974 Fuscum
502 921 607 974 salvere
620 906 751 989 jube'mus

87 994 174 1047 ituris
192 998 333 1062 amatores,
351 995 403 1048 hae
419 997 448 1049 in
466 1012 496 1049 re
514 996 616 1050 scilicet
633 1013 688 1050 una

88 1069 211 1122 Multum
228 1069 379 1138 dissimiles,
397 1071 434 1123 ad
451 1073 558 1125 caetera
574 1088 662 1138 paene
677 1071 801 1139 gemelli3

89 1143 233 1198 Fraternis
250 1145 348 1198 animis
366 1145 501 1214 quidquid
517 1150 599 1214 negat
616 1147 688 1200 alter
701 1150 733 1200 et
750 1146 835 1211 alter;

90 1221 246 1273 Annuimus
263 1220 367 1286 pariter
384 1224 429 1274 vet
417 1221 468 1274 tuli
485 1221 598 1290 notique
615 1221 739 1276 columbi
925 1233 940 1284 ι,

88 1294 130 1347 Τιι
147 1294 265 1347 nidum
262 1311 367 1360 servam
386 1312 437 1364 ego
453 1297 534 1350 laudo
551 1297 623 1350 rmis
640 1313 771 1350 amoeni

88 1369 174 1422 Rivos
192 1373 222 1422 et
238 1385 330 1424 museo
348 1337 498 1425 circumlita
515 1388 580 1425 saxa
596 1389 759 1447 nemusque.
964 1397 966 1401 ·

89 1444 164 1508 Quid
182 1444 309 1512 quaeris?
345 1446 415 1499 Viro
434 1449 463 1499 et
480 1463 563 1513 regno
581 1447 661 1499 simul
677 1447 736 1500 ista
717 1437 846 1516 reliqui

66 1513 166 1583 Quae
183 1535 232 1573 vos
249 1519 285 1574 ad
302 1521 407 1574 caelum
424 1520 504 1574 fertis
519 1537 627 1574 rumore
644 1521 776 1576 seeundo:

87 1595 185 1664 thue
203 1595 335 1650 saeerdot
314 1599 350 1649 trs
368 1596 446 1664 sugit
439 1613 499 1649 mus
516 1596 572 1650 liba
588 1613 696 1660 recuso3
916 1611 937 1650 n

88 1671 164 1724 Pane
182 1685 249 1738 egeo
266 1671 325 1738 jam
343 1671 438 1724 mellit'
418 1675 455 1724 trs
472 1674 520 1738 pot
520 1671 576 1724 iore
592 1638 735 1739 placentis.-

11 1743 12 1752 ’
87 1745 191 1799 Vivere
208 1749 322 1802 naturae
339 1745 572 1800 sioonvenienter
588 1749 697 1814 oportet

88 1820 291 1888 Ponendaeque
309 1821 389 1874 domo
407 1821 563 1889 quaerenda
580 1825 624 1874 est
640 1837 703 1874 area
719 1819 844 1889 primum,

87 1895 232 1950 Novistine
248 1896 337 1950 locum
353 1896 488 1964 potiorem
505 1913 569 1950 rnre
587 1895 687 1950 beator

88 1971 140 2025 Est
156 1970 205 2024 nbi
222 1971 285 2040 plus
301 1974 415 2040 tepeant
432 1971 543 2040 hiemes,
560 1969 607 2024 ubi
624 1970 728 2038 gratior
744 1986 809 2024 aura
915 1985 937 2024 rs

88 2045 188 2100 Leniat
206 2049 235 2101 et
252 2046 357 2100 rabiem
375 2047 459 2100 (lanis
474 2049 503 2100 et
520 2051 657 2101 momenta
674 2045 780 2114 Leonis,

88 2122 158 2176 Oum
176 2122 260 2175 semel
278 2122 383 2190 aceepit
401 2121 490 2176 Solem
507 2121 670 2176 furibundus
687 2123 818 2177 acutum?

88 2198 140 2251 Est
156 2197 205 2251 ubi
223 2197 335 2252 divellat
353 2213 460 2251 somnos
477 2198 566 2252 minue
583 2197 674 2251 invida
691 2199 775 2252 curat

11 2255 13 2332 f
89 2272 220 2326 Deterius
238 2273 344 2341 Libyeis
363 2271 419 2326 olet
435 2277 483 2327 aut
500 2273 573 2327 nitet
589 2273 675 2327 herba
692 2273 810 2341 lapillis?

89 2347 186 2401 Purior
203 2347 232 2400 in
249 2349 315 2402 vicis
332 2365 404 2416 aqua
420 2349 512 2402 tendit
529 2364 656 2416 rumpere
673 2346 813 2414 plumbum
912 2365 935 2402 ro

89 2422 177 2485 Quam
189 2439 259 2491 quae
271 2439 321 2491 per
332 2437 447 2492 pronum
458 2423 579 2491 trepidat
591 2439 651 2475 oum
663 2437 802 2475 murmure
813 2425 920 2476 rimml

89 2497 195 2565 Nempe
213 2498 285 2552 inter
302 2499 390 2552 varias
406 2499 528 2552 nutritur
545 2497 613 2552 silva
629 2497 774 2564 columnas,

89 2572 294 2642 laudaturque
302 2573 399 2626 domus
415 2573 509 2642 longos
527 2589 597 2642 quae
613 2573 744 2642 prospicit
760 2589 846 2640 agros.

11 2697 12 2710 ,
88 2647 224 2702 Naturam
243 2649 363 2716 expellas
380 2648 457 2702 furca
474 2653 567 2702 tamen
585 2665 672 2716 usque
688 2651 818 2714 recurret,

11 2759 14 2790 l

89 2721 126 2776 Et
142 2723 215 2776 mula
232 2727 393 2792 perrumpet
381 2723 504 2777 tiurtim
524 2723 635 2776 fastidia
652 2723 764 2779 victrix:
913 2738 937 2778 aa

89 2797 151 2850 Non
169 2799 217 2866 qui
236 2797 346 2851 Sidonio
364 2799 529 2852 contendere
548 2799 721 2853 callidust
678 2803 721 2853 ost
721 2790 775 2852 ro

89 2871 184 2926 Nescit
204 2873 371 2940 Aquinatem
389 2874 492 2942 potant
485 2890 512 2926 a
473 2873 631 2928 vellera
647 2875 770 2934 fucum]

73 2943 162 3000 *Cart
143 2950 198 3000 trus
215 2948 329 3016 aecipiet
317 2948 476 3002 tdamnum
493 2950 659 3016 propiusque
676 2949 811 3016 medullis,

91 3021 176 3086 Quam
194 3023 244 3090 qui
259 3039 313 3076 non
330 3025 433 3092 poterit
450 3041 514 3076 vero
532 3023 701 3090 distinguere
718 3025 823 3078 falsum.

91 3097 177 3162 Quem
194 3113 239 3151 res
256 3097 318 3166 plus
334 3098 418 3152 nimio
436 3098 607 3152 delectavere
625 3098 766 3166 secundae,
912 3113 935 3152 m

90 3171 215 3228 Matutae
232 3173 365 3240 quatient.
401 3172 430 3227 Si
447 3171 516 3241 quid
532 3171 668 3226 mirabere
683 3189 769 3242 pones
