2126 3410
393 179 548 230 nouum
565 178 695 228 FLACCI
760 207 763 213 ι

258 261 362 328 Claros,
379 276 433 313 non
450 259 570 312 animum
587 260 671 320 metu,

212 345 217 356 ·
292 336 319 388 N
320 351 354 388 on
371 335 466 388 mertis
484 333 587 401 laqueis
605 331 736 400 expedies
753 332 842 399 caput

259 410 433 478 Campestres
450 409 547 462 melius
564 407 680 475 Scythae

293 486 413 550 Quorum
422 485 544 553 plaustra
552 498 635 549 vagas
644 483 697 535 rite
706 481 821 536 trahunt
829 479 924 537 domos
948 499 973 539 ιο

262 560 375 628 Vivant,
393 564 423 614 et
439 559 522 627 rigidi
540 559 627 612 Getae

296 636 443 690 Immetata
460 633 559 702 quibus
571 632 673 701 jugera
689 633 791 688 liberas

260 711 366 779 Fruges
384 714 414 765 et
432 710 560 764 Cererem
578 707 677 774 feurnt,

277 829 280 841 .
296 787 322 840 N
325 803 356 840 ec
372 786 479 840 cultura
497 785 587 852 placet
604 784 708 852 longior
725 800 822 854 annua,

261 860 481 929 Defunctumque
498 859 636 912 laboribus
951 874 976 913 ιι

295 936 414 1006 Aequali
431 939 538 989 recreat
554 938 629 989 sorte
641 934 800 991 'meamus

262 1009 324 1066 Illic
340 1014 429 1065 matre
447 1011 603 1064 carentibus

294 1086 430 1154 Privignis
446 1081 544 1138 muller
559 1085 724 1174 temperat
716 1101 851 1158 mnoceus,

261 1163 321 1217 Nee
339 1157 434 1216 dotata
451 1162 523 1228 regit
540 1161 628 1214 virum

296 1237 403 1306 Conjux
420 1253 471 1291 neo
487 1236 576 1290 nitido
593 1236 655 1290 fidit
672 1236 829 1293 adultere.
953 1255 979 1295 so

261 1313 319 1368 Dos
336 1317 494 1380 cst-magna
511 1312 667 1380 parentium

300 1389 397 1443 Virtus
414 1391 443 1442 et
460 1391 586 1441 metuens
603 1387 717 1441 alterius
734 1386 785 1441 viri

262 1464 347 1520 Certo
364 1463 476 1518 foedere
493 1463 620 1527 eastitas;

297 1541 335 1594 ut
351 1555 464 1608 peecare
480 1539 557 1591 nefas
575 1541 623 1591 aut
640 1537 760 1606 pretinm
778 1543 822 1593 est
837 1537 912 1594 mori.

262 1615 287 1671 0
305 1615 428 1685 quisquis
445 1614 518 1667 velet
535 1613 633 1682 impias
953 1631 979 1671 25

296 1691 401 1746 Caedes
419 1693 448 1744 et
465 1689 570 1742 rabiem
587 1689 685 1743 tollere
703 1688 821 1757 civicam,

263 1767 293 1824 si
312 1769 427 1836 quaeret
446 1765 543 1818 Parus
560 1778 672 1817 ιιιιιιιιιι

296 1840 435 1896 subscribi
454 1840 559 1906 statuis,
577 1839 739 1894 indomitam
758 1841 862 1894 audeat

262 1917 413 1974 Refrenare
431 1916 575 1982 licentiam,

297 1992 393 2046 Clarus
409 1991 589 2060 postgenitis;
606 1993 749 2058 quatenus,
767 1961 823 2044 beu
839 1988 930 2044 nelca!
953 2006 980 2046 ac

265 2067 407 2121 Virtutem
425 2065 588 2119 incolumem
607 2066 721 2132 odimus,

295 2141 437 2196 Sublatam
455 2157 490 2194 ex
509 2140 594 2194 oculis
613 2141 769 2228 quaerimus
787 2139 880 2196 ins'idi.

265 2217 340 2282 Quid
357 2216 452 2271 tristes
471 2216 657 2285 querimoniae

297 2292 397 2346 Sinon
416 2291 548 2380 supplicio
567 2291 647 2359 culpa
665 2290 817 2346 reciditur?

262 2367 336 2434 Quid
353 2367 467 2435 leges
446 2383 505 2420 s1ne
529 2365 651 2419 moribus
953 2382 980 2424 ιι

297 2443 393 2496 Vanae
409 2441 562 2509 proficiunt,
581 2441 604 2493 si
621 2457 711 2511 neque
728 2441 841 2496 fervidis

266 2517 336 2574 Pars
353 2517 456 2570 inclusa
473 2516 606 2570 caloribus

296 2593 393 2646 Mundi
411 2608 461 2645 nee
479 2592 584 2644 Boreae
601 2591 746 2645 finitimum
760 2591 834 2645 latus

263 2669 439 2736 Durataeque
457 2666 512 2720 solo
530 2667 606 2720 nives

296 2745 478 2798 Mercatorem
492 2742 616 2810 abigunt,
633 2742 745 2796 horrida
761 2741 852 2797 callidi
953 2758 981 2798 te

264 2819 388 2874 Vincunt
405 2834 524 2886 aequora
540 2817 656 2886 navitae,

295 2894 427 2962 Magnum
444 2893 587 2961 pauperies
605 2892 778 2960 opprobrium
790 2890 874 2961 jubet

262 2968 378 3033 Quidvis
396 2972 425 3021 et
441 2968 530 3020 facere
548 2970 577 3019 et
594 2967 659 3034 pati,

297 3043 473 3110 Virtutisque
491 3042 561 3093 viam
579 3041 682 3096 deserit
699 3040 821 3098 arduael

263 3113 317 3170 Vel
334 3131 383 3168 nos
399 3117 428 3168 in
447 3115 609 3182 Capitolium
949 3131 978 3174 n

299 3187 359 3248 Quo
375 3188 476 3262 elamor
493 3191 571 3259 vocat
589 3192 618 3243 et
635 3189 718 3245 turba
733 3190 891 3263 faventium,
