2116 3424
381 133 535 182 flottam
552 131 682 182 nancel

495 281 564 336 XII.

211 365 237 418 N
240 378 301 418 ome
317 364 397 432 longa
413 365 489 419 ferae
506 364 579 418 bella
596 363 767 432 Numantiae,

213 440 273 494 Nec
290 439 380 494 dirum
399 439 590 507 Hannibalem,
607 455 657 492 nec
676 439 793 492 Siculum
810 453 888 492 mare

173 515 176 522 '
212 514 303 569 Poeno
319 531 485 584 purpureum
503 514 632 582 sanguine
649 513 775 567 mollibus

246 591 346 660 Aptari
363 591 484 644 citharae
501 590 607 655 modie3

211 665 270 720 Nec
288 681 381 720 saevos
399 665 528 734 Lapithas
547 669 575 719 et
592 663 706 718 nimium
722 681 799 719 mero
952 677 971 719 5

213 741 348 809 Hylaeum
365 741 536 810 domitosque
556 739 693 794 Herculea
710 755 791 794 manu

213 816 327 870 Telluris
341 817 462 885 juvence,
480 815 555 870 unde
572 815 720 884 periculum

248 891 367 960 Fulgens
384 891 546 945 contremuit
565 890 661 944 domus

215 966 324 1020 Saturni
344 967 461 1032 reterie;
478 969 565 1035 tuque
582 964 754 1033 pedestribus

213 1041 294 1094 Dices
310 1041 431 1094 historiis
447 1041 550 1110 proelia
568 1041 697 1107 Caesarie,
940 1057 977 1100 lo

212 1115 363 1184 Maecenas,
380 1117 477 1170 melius
494 1117 630 1184 ductaque
646 1131 697 1184 per
713 1115 770 1169 viae

249 1191 356 1260 Regum
373 1192 440 1245 colla
457 1192 610 1246 minacium.

213 1267 261 1321 Me
278 1267 371 1321 dulces
389 1267 514 1320 dominae
532 1267 612 1320 Musa
629 1265 782 1333 Licymniae

214 1342 487 1409 cannamomum
505 1342 595 1395 dicere
612 1340 736 1412 lucidum,

215 1418 363 1486 Fulgentes
381 1417 471 1471 oculos
490 1420 518 1471 et
535 1416 605 1470 bene
622 1415 725 1469 mutuis
941 1433 976 1475 15

249 1493 349 1548 Fidum
365 1495 461 1562 pectus
479 1492 632 1556 amoribus;

216 1569 303 1634 Quam
319 1585 370 1623 nec
386 1568 459 1622 ferre
476 1567 575 1638 pedem
593 1565 722 1620 dedecuit
739 1565 833 1630 chorio,

214 1645 273 1714 Nec
289 1648 395 1698 certare
406 1634 470 1710 'joco
487 1659 538 1696 nec
555 1642 622 1695 dare
639 1641 750 1695 brachia

127 1761 129 1770 .
215 1717 368 1774 Ludentcm
386 1718 480 1772 nitidis
497 1717 647 1786 virginibus
664 1732 739 1770 sacro
822 1780 823 1783 Ἴ

249 1795 352 1849 Dianae
369 1793 482 1848 celebria
500 1793 552 1847 die.
667 1821 672 1832 ·
824 1829 828 1834 ·
937 1808 973 1851 ιο

215 1869 288 1924 Num
306 1875 337 1924 tu
354 1885 425 1938 quae
440 1869 530 1922 tenuit
547 1868 624 1922 dives
642 1866 834 1936 Achaemenes,

215 1945 274 1998 Aut
290 1945 399 2013 pinguia
418 1943 551 2012 Phrygiae
569 1943 728 2012 Mygdonias
746 1957 811 2009 opes

214 2019 375 2074 Permutare
391 2019 458 2073 velis
475 2020 549 2072 crine
567 2017 727 2086 Licymniae,

139 2139 140 2144 ,
249 2095 348 2148 Plenas
365 2097 413 2148 aut
432 2094 555 2147 Arabum
568 2094 686 2154 ,demost
861 2113 881 2150 ρ

214 2169 288 2223 Dum
305 2169 447 2238 flagrantia
464 2169 611 2238 detorquet
629 2170 665 2222 ad
682 2167 772 2221 <acula
964 2190 971 2199 ·

215 2245 355 2300 cervicem
372 2249 420 2299 aut
437 2245 509 2298 facili
526 2244 638 2298 saevitia
655 2250 743 2311 negat,

216 2320 292 2384 Quae
309 2324 439 2390 poscente
456 2320 543 2388 magis
560 2319 679 2388 gaudeat
696 2317 771 2388 eripi,

250 2395 508 2465 Interdumrapere
526 2398 646 2464 occupet.

214 2621 282 2675 Inna
301 2623 330 2675 et
346 2620 452 2675 nefasto
469 2623 499 2674 te
514 2618 604 2687 posuit
621 2618 674 2686 die,

216 2697 374 2766 Quicunque
391 2696 516 2764 primum,
534 2699 564 2749 et
581 2695 711 2762 sacrilega
728 2709 810 2749 mann

249 2772 390 2839 Produxit,
408 2770 495 2838 arbos,
513 2771 541 2823 in
558 2773 687 2838 nepotum

129 2890 132 2896 .
284 2847 433 2900 Perniciem
450 2845 677 2914 opprobriumque
694 2844 772 2914 pegi3

99 2986 102 2990 ,
216 2921 298 2974 Illum
313 2925 344 2974 et
361 2922 483 2989 parentis
500 2920 661 2974 crediderim
679 2920 721 2972 eui
954 2937 974 2981 ις

217 2993 343 3061 Fregisse
360 2996 489 3048 cervicem
508 2999 537 3049 et
553 2995 702 3061 penetralia

251 3066 387 3134 sparsisse
403 3074 534 3122 nocturno
552 3085 647 3122 cruore

287 3139 429 3208 Hospitis:
445 3142 492 3196 ille
509 3161 610 3196 venena
628 3143 751 3200 colchica
