2116 3424
302 159 305 166 ’
365 168 680 250 GARMINUMIIM
752 167 755 175 ’

236 249 332 305 Visam
350 251 496 306 Britannos
512 213 666 320 hospitibus
683 252 755 308 feros
801 265 804 272 '

201 391 206 402 ,
237 325 284 383 Et.
292 327 347 380 laet
336 331 394 380 tum
411 328 510 395 equino
528 328 657 395 sanguine
676 329 837 400 Concanum,

272 401 366 455 Visam
383 402 556 471 pharetratos
573 403 691 458 Gelonos

306 476 344 530 Et
361 477 515 546 Scythicum
532 478 675 532 inviolatus
693 495 807 538 amnem.

240 549 299 604 Vos
316 552 461 606 Gaesarem
478 553 572 620 altum,
590 553 686 608 militia
704 555 784 609 simul

237 625 334 681 Fessas
351 628 475 682 cohortes
492 628 601 682 addidit
617 629 732 697 oppidis,

272 702 365 756 Finire
383 707 560 772 quaerentem
576 703 638 757 labo
653 719 684 758 es

304 778 394 831 Pierio
411 779 541 832 recreatis
558 721 664 858 41141οῇ

237 850 295 905 Vos
312 851 373 906 lene
391 853 530 906 consilium
548 857 577 906 et
594 853 666 907 datis
684 856 713 908 et
730 855 795 908 dato

236 926 369 982 Gaudetis
386 928 480 982 almae.
503 909 676 993 summias
693 929 791 997 impios

243 1019 246 1028 ’
271 1002 381 1056 Titanas
397 1004 598 1072 immanemque
615 1008 733 1058 turmam

304 1078 430 1132 Fulmina
448 1079 588 1134 sustulerit
605 1080 713 1147 caduco,
795 1133 799 1140 .

237 1151 290 1216 Qui
307 1157 411 1207 terram
428 1153 550 1222 inertem,
569 1155 616 1224 qui
634 1172 708 1209 mare
725 1158 862 1222 temperat

240 1226 396 1297 Ventmnm,
414 1232 443 1283 et
460 1229 542 1283 urbes
559 1246 698 1298 regnaque
715 1231 806 1286 tristia

196 1325 199 1332 ’
261 1304 409 1373 ,Divosque
426 1306 609 1374 mortalesque
626 1305 722 1358 turbas

306 1379 425 1448 Imperio
442 1381 514 1447 regit
530 1397 600 1433 unus
617 1379 713 1448 aequo?

236 1453 367 1522 Magnum
384 1455 431 1508 illa
447 1459 582 1508 terrorem
599 1455 727 1508 intulerat
745 1455 809 1511 Jovi

236 1529 338 1583 Fidens
351 1529 483 1598 juventus
500 1530 612 1583 horrida
629 1530 753 1598 brachiis,

269 1605 436 1674 Fratrcsque
453 1605 599 1659 tendentes
616 1622 699 1674 opaco
733 1645 739 1664 ,

268 1737 272 1745 ,
303 1679 399 1732 Pelion
416 1680 575 1748 imposuisse
593 1680 714 1749 Olympo.

236 1754 292 1809 Sed
309 1755 377 1824 qnid
394 1755 534 1824 Typhoius
552 1759 581 1809 et
598 1756 704 1808 validus
722 1755 828 1828 Mimas,

235 1832 294 1884 Aut
312 1830 379 1902 quid
396 1831 493 1884 minaci
512 1830 679 1898 Porphyrion
696 1834 777 1898 statu,

269 1905 343 1970 Quid
361 1905 483 1959 Rhoetus
500 1906 653 1974 evulsisque
670 1906 774 1960 truncis

303 1981 455 2034 Enceladus
468 1981 603 2049 jaculator
619 1981 708 2033 audax

235 2051 342 2110 (lontra'
353 2059 493 2110 sonantem
512 2056 630 2113 Palladis
646 2057 743 2123 aegida
767 2106 772 2112 ..

234 2131 350 2186 Possent
367 2133 498 2186 mentesl
534 2131 607 2184 Hinc
624 2131 720 2184 avidus
737 2132 817 2186 stetit

220 2229 224 2236 ⁴
268 2208 413 2275 Vulcanus,
431 2207 494 2260 hinc
511 2210 634 2260 matrona
651 2207 724 2259 Juno
741 2211 770 2260 et
792 2225 794 2230 ¹
813 2263 820 2274 ⁴

301 2282 448 2352 Nunquam
466 2282 587 2336 humeris
603 2281 741 2350 positurus
757 2297 857 2351 arcum,
916 2299 940 2338 aa

233 2357 286 2422 Qui
303 2374 366 2411 rore
383 2373 451 2425 puro
470 2357 602 2411 Castaliae
620 2356 687 2410 lavit

233 2433 330 2488 Orines
347 2433 456 2500 solutos,
474 2433 521 2501 qui
537 2433 634 2499 Lyciae
652 2434 729 2488 tenet

241 2527 244 2537 ¹
265 2507 386 2561 Dumeta
401 2507 573 2574 natalemque
591 2507 693 2572 silvam,

300 2583 395 2636 Delius
414 2587 443 2636 et
460 2583 591 2652 Patareus
610 2547 715 2670 Apollo.

230 2657 294 2710 Vis
298 2659 392 2712 consili
410 2672 508 2726 expers
525 2658 596 2710 mole
613 2659 668 2711 ruit
685 2673 750 2714 sua:
913 2672 938 2712 eo

234 2733 296 2786 Vim
313 2737 494 2802 temperatam
512 2733 541 2785 di
559 2749 666 2819 quoque
683 2713 834 2802 provehunt

265 2808 299 2862 In
317 2825 371 2876 maj
366 2809 423 2875 ';us
440 2809 514 2860 idem
532 2808 615 2861 odere
632 2808 704 2860 vires

299 2826 386 2937 Omrle
403 2851 479 2937 rlcfas
496 2883 585 2935 animo
602 2885 748 2937 moventes.

175 3021 183 3033 ⁶
230 2957 318 3012 Testis
336 2975 457 3012 mearum
474 2958 641 3011 centimanus
659 2957 731 3023 Gyas

229 3032 439 3098 Sententiarum,
457 3037 538 3086 notus
556 3036 584 3084 et
602 3033 723 3096 integrae
911 3046 935 3085 ro

263 3107 394 3161 'l'ontater
412 3108 495 3158 Orion
514 3106 618 3156 Dianae

296 3182 428 3250 Virginea
444 3180 563 3234 domitus
579 3177 686 3245 sagitta.
