<?xml version="1.0" encoding="UTF-8"?>
<!DOCTYPE html PUBLIC "-//W3C//DTD XHTML 1.0 Transitional//EN"
    "http://www.w3.org/TR/xhtml1/DTD/xhtml1-transitional.dtd">
<html xmlns="http://www.w3.org/1999/xhtml" xml:lang="en" lang="en">
 <head>
  <title>
</title>
<meta http-equiv="Content-Type" content="text/html;charset=utf-8" />
  <meta name='ocr-system' content='tesseract 3.04.00' />
  <meta name='ocr-capabilities' content='ocr_page ocr_carea ocr_par ocr_line ocrx_word'/>
</head>
<body>
  <div class='ocr_page' id='page_1' title='image "./quintihoratiifl00maclgoog_0205.png"; bbox 0 0 2144 3420; ppageno 0'>
   <div class='ocr_carea' id='block_1_1' title="bbox 345 139 949 202">
    <p class='ocr_par' dir='ltr' id='par_1_1' title="bbox 345 139 949 202">
     <span class='ocr_line' id='line_1_1' title="bbox 345 139 949 202; baseline 0.017 -14"><span class='ocrx_word' id='word_1_1' title='bbox 345 139 598 192; x_wconf 79' lang='lat' dir='ltr'><strong>EPISTOLARUM</strong></span> <span class='ocrx_word' id='word_1_2' title='bbox 615 143 653 192; x_wconf 89' lang='grc' dir='ltr'><strong>Π.</strong></span> <span class='ocrx_word' id='word_1_3' title='bbox 664 145 694 202; x_wconf 73' lang='lat'><strong>-2,</strong></span> <span class='ocrx_word' id='word_1_4' title='bbox 900 144 949 202; x_wconf 78' lang='lat' dir='ltr'><strong>iou</strong></span> 
     </span>
    </p>
   </div>
   <div class='ocr_carea' id='block_1_2' title="bbox 507 286 546 342">
    <p class='ocr_par' dir='ltr' id='par_1_2' title="bbox 507 286 546 342">
     <span class='ocr_line' id='line_1_2' title="bbox 507 286 546 342; baseline 0 0"><span class='ocrx_word' id='word_1_5' title='bbox 507 286 546 342; x_wconf 93' lang='lat' dir='ltr'><strong>II.</strong></span> 
     </span>
    </p>
   </div>
   <div class='ocr_carea' id='block_1_3' title="bbox 92 379 951 1660">
    <p class='ocr_par' dir='ltr' id='par_1_3' title="bbox 92 379 778 451">
     <span class='ocr_line' id='line_1_3' title="bbox 92 379 778 451; baseline -0.004 -13"><span class='ocrx_word' id='word_1_6' title='bbox 92 382 206 450; x_wconf 81' lang='lat' dir='ltr'><strong>ll&#39;nonn,</strong></span> <span class='ocrx_word' id='word_1_7' title='bbox 223 381 296 436; x_wconf 90' lang='lat' dir='ltr'><strong>bono</strong></span> <span class='ocrx_word' id='word_1_8' title='bbox 313 382 439 451; x_wconf 82' lang='lat' dir='ltr'><strong>olaroque</strong></span> <span class='ocrx_word' id='word_1_9' title='bbox 456 382 546 436; x_wconf 87' lang='lat' dir='ltr'><strong>fidelis</strong></span> <span class='ocrx_word' id='word_1_10' title='bbox 564 383 650 436; x_wconf 80' lang='lat' dir='ltr'><strong>amice</strong></span> <span class='ocrx_word' id='word_1_11' title='bbox 667 379 778 449; x_wconf 77' lang='lat' dir='ltr'>Neroni,</span> 
     </span>
    </p>

    <p class='ocr_par' dir='ltr' id='par_1_4' title="bbox 93 457 930 679">
     <span class='ocr_line' id='line_1_4' title="bbox 93 457 834 528; baseline -0.001 -15"><span class='ocrx_word' id='word_1_12' title='bbox 93 458 127 514; x_wconf 79' lang='lat' dir='ltr'><strong>Si</strong></span> <span class='ocrx_word' id='word_1_13' title='bbox 146 457 210 528; x_wconf 90' lang='lat' dir='ltr'><strong>quis</strong></span> <span class='ocrx_word' id='word_1_14' title='bbox 227 457 299 515; x_wconf 85' lang='lat' dir='ltr'><strong>forte</strong></span> <span class='ocrx_word' id='word_1_15' title='bbox 317 458 384 512; x_wconf 85' lang='lat' dir='ltr'><strong>velit</strong></span> <span class='ocrx_word' id='word_1_16' title='bbox 401 475 515 527; x_wconf 88' lang='lat' dir='ltr'><strong>puerum</strong></span> <span class='ocrx_word' id='word_1_17' title='bbox 533 457 585 512; x_wconf 87' lang='lat' dir='ltr'><strong>tibi</strong></span> <span class='ocrx_word' id='word_1_18' title='bbox 602 457 722 512; x_wconf 88' lang='lat' dir='ltr'><strong>vendere</strong></span> <span class='ocrx_word' id='word_1_19' title='bbox 739 461 834 512; x_wconf 86' lang='lat' dir='ltr'><strong>notum</strong></span> 
     </span>
     <span class='ocr_line' id='line_1_5' title="bbox 93 533 930 602; baseline -0.001 -15"><span class='ocrx_word' id='word_1_20' title='bbox 93 533 202 587; x_wconf 83' lang='lat' dir='ltr'><strong>Tibure</strong></span> <span class='ocrx_word' id='word_1_21' title='bbox 219 533 262 587; x_wconf 84' lang='lat' dir='ltr'><strong>vel</strong></span> <span class='ocrx_word' id='word_1_22' title='bbox 281 533 382 602; x_wconf 80' lang='lat' dir='ltr'><strong>Gabiis,</strong></span> <span class='ocrx_word' id='word_1_23' title='bbox 400 539 429 588; x_wconf 82' lang='lat' dir='ltr'><strong>et</strong></span> <span class='ocrx_word' id='word_1_24' title='bbox 447 539 537 588; x_wconf 87' lang='lat' dir='ltr'><strong>teeum</strong></span> <span class='ocrx_word' id='word_1_25' title='bbox 555 534 593 588; x_wconf 90' lang='lat' dir='ltr'><strong>sie</strong></span> <span class='ocrx_word' id='word_1_26' title='bbox 610 537 687 602; x_wconf 77' lang='lat' dir='ltr'><strong>aget:</strong></span> <span class='ocrx_word' id='word_1_27' title='bbox 706 533 781 592; x_wconf 85' lang='lat' dir='ltr'><strong>“Hie</strong></span> <span class='ocrx_word' id='word_1_28' title='bbox 799 537 829 588; x_wconf 89' lang='lat' dir='ltr'><strong>et</strong></span> <span class='ocrx_word' id='word_1_29' title='bbox 927 551 930 558; x_wconf 69' lang='lat'>¹</span> 
     </span>
     <span class='ocr_line' id='line_1_6' title="bbox 95 608 794 679; baseline 0.001 -17"><span class='ocrx_word' id='word_1_30' title='bbox 95 608 242 666; x_wconf 78' lang='lat' dir='ltr'><strong>condidus</strong></span> <span class='ocrx_word' id='word_1_31' title='bbox 259 613 289 664; x_wconf 89' lang='lat' dir='ltr'><strong>et</strong></span> <span class='ocrx_word' id='word_1_32' title='bbox 306 609 376 662; x_wconf 80' lang='lat' dir='ltr'><strong>talos</strong></span> <span class='ocrx_word' id='word_1_33' title='bbox 392 626 409 663; x_wconf 84' lang='lat' dir='ltr'><strong>a</strong></span> <span class='ocrx_word' id='word_1_34' title='bbox 425 611 526 664; x_wconf 87' lang='lat' dir='ltr'><strong>vertice</strong></span> <span class='ocrx_word' id='word_1_35' title='bbox 542 609 656 679; x_wconf 82' lang='lat' dir='ltr'>pulcher</span> <span class='ocrx_word' id='word_1_36' title='bbox 672 609 708 662; x_wconf 82' lang='lat' dir='ltr'><strong>sd</strong></span> <span class='ocrx_word' id='word_1_37' title='bbox 725 609 794 665; x_wconf 87' lang='lat' dir='ltr'><strong>imos</strong></span> 
     </span>
    </p>

    <p class='ocr_par' dir='ltr' id='par_1_5' title="bbox 93 683 951 904">
     <span class='ocr_line' id='line_1_7' title="bbox 93 683 951 753; baseline 0.002 -16"><span class='ocrx_word' id='word_1_38' title='bbox 93 683 164 738; x_wconf 76' lang='lat' dir='ltr'><strong>Fiet</strong></span> <span class='ocrx_word' id='word_1_39' title='bbox 181 684 289 752; x_wconf 85' lang='lat' dir='ltr'><strong>eritque</strong></span> <span class='ocrx_word' id='word_1_40' title='bbox 306 688 371 739; x_wconf 89' lang='lat' dir='ltr'><strong>tuus</strong></span> <span class='ocrx_word' id='word_1_41' title='bbox 386 701 558 738; x_wconf 86' lang='lat' dir='ltr'><strong>nummorum</strong></span> <span class='ocrx_word' id='word_1_42' title='bbox 576 684 695 738; x_wconf 90' lang='lat' dir='ltr'><strong>millibus</strong></span> <span class='ocrx_word' id='word_1_43' title='bbox 712 688 781 752; x_wconf 85' lang='lat' dir='ltr'><strong>oete,</strong></span> <span class='ocrx_word' id='word_1_44' title='bbox 938 697 951 753; x_wconf 70' lang='lat' dir='ltr'><strong>o</strong></span> 
     </span>
     <span class='ocr_line' id='line_1_8' title="bbox 95 757 782 830; baseline 0.003 -20"><span class='ocrx_word' id='word_1_45' title='bbox 95 757 194 812; x_wconf 82' lang='lat' dir='ltr'><strong>Verno</strong></span> <span class='ocrx_word' id='word_1_46' title='bbox 211 759 367 814; x_wconf 90' lang='lat' dir='ltr'><strong>ministeriis</strong></span> <span class='ocrx_word' id='word_1_47' title='bbox 384 758 421 813; x_wconf 87' lang='lat' dir='ltr'><strong>sd</strong></span> <span class='ocrx_word' id='word_1_48' title='bbox 437 765 520 814; x_wconf 89' lang='lat' dir='ltr'><strong>nutus</strong></span> <span class='ocrx_word' id='word_1_49' title='bbox 537 763 618 830; x_wconf 79' lang='lat' dir='ltr'><strong>aptus</strong></span> <span class='ocrx_word' id='word_1_50' title='bbox 634 760 742 827; x_wconf 80' lang='lat' dir='ltr'><strong>heriles,</strong></span> <span class='ocrx_word' id='word_1_51' title='bbox 778 785 782 790; x_wconf 94' lang='lat'><em>·</em></span> 
     </span>
     <span class='ocr_line' id='line_1_9' title="bbox 96 833 725 904; baseline 0.006 -18"><span class='ocrx_word' id='word_1_52' title='bbox 96 833 245 888; x_wconf 84' lang='lat' dir='ltr'><strong>Litterulis</strong></span> <span class='ocrx_word' id='word_1_53' title='bbox 263 835 374 892; x_wconf 76' lang='lat' dir='ltr'><strong>Graecis</strong></span> <span class='ocrx_word' id='word_1_54' title='bbox 392 835 521 904; x_wconf 86' lang='lat' dir='ltr'><strong>imbutus,</strong></span> <span class='ocrx_word' id='word_1_55' title='bbox 539 837 653 890; x_wconf 89' lang='lat' dir='ltr'><strong>idoneus</strong></span> <span class='ocrx_word' id='word_1_56' title='bbox 671 836 725 890; x_wconf 81' lang='lat' dir='ltr'><strong>arti</strong></span> 
     </span>
    </p>

    <p class='ocr_par' dir='ltr' id='par_1_6' title="bbox 97 909 923 1049">
     <span class='ocr_line' id='line_1_10' title="bbox 97 909 923 981; baseline -0.002 -19"><span class='ocrx_word' id='word_1_57' title='bbox 97 909 235 975; x_wconf 82' lang='lat' dir='ltr'><strong>Cuilibet;</strong></span> <span class='ocrx_word' id='word_1_58' title='bbox 252 911 349 979; x_wconf 77' lang='lat' dir='ltr'><strong>argilla</strong></span> <span class='ocrx_word' id='word_1_59' title='bbox 366 912 475 981; x_wconf 85' lang='lat' dir='ltr'><strong>quidvis</strong></span> <span class='ocrx_word' id='word_1_60' title='bbox 491 912 642 966; x_wconf 85' lang='lat' dir='ltr'><strong>imitaberis</strong></span> <span class='ocrx_word' id='word_1_61' title='bbox 658 911 730 976; x_wconf 86' lang='lat' dir='ltr'><strong>uds;</strong></span> <span class='ocrx_word' id='word_1_62' title='bbox 918 955 923 960; x_wconf 92' lang='lat'>.</span> 
     </span>
     <span class='ocr_line' id='line_1_11' title="bbox 97 981 827 1049; baseline 0.003 -10"><span class='ocrx_word' id='word_1_63' title='bbox 97 986 172 1049; x_wconf 73' lang='lat' dir='ltr'><strong>Quin</strong></span> <span class='ocrx_word' id='word_1_64' title='bbox 191 987 273 1042; x_wconf 83' lang='lat' dir='ltr'><strong>etiam</strong></span> <span class='ocrx_word' id='word_1_65' title='bbox 285 993 371 1042; x_wconf 81' lang='lat' dir='ltr'><strong>&#39;esnet</strong></span> <span class='ocrx_word' id='word_1_66' title='bbox 388 981 527 1043; x_wconf 82' lang='lat' dir='ltr'><strong>indoctum</strong></span> <span class='ocrx_word' id='word_1_67' title='bbox 545 987 594 1042; x_wconf 88' lang='lat' dir='ltr'><strong>sed</strong></span> <span class='ocrx_word' id='word_1_68' title='bbox 612 987 691 1041; x_wconf 83' lang='lat' dir='ltr'><strong>dulce</strong></span> <span class='ocrx_word' id='word_1_69' title='bbox 708 984 827 1041; x_wconf 82' lang='lat' dir='ltr'><strong>bibenti:</strong></span> 
     </span>
    </p>

    <p class='ocr_par' dir='ltr' id='par_1_7' title="bbox 96 1061 947 1207">
     <span class='ocr_line' id='line_1_12' title="bbox 96 1061 947 1132; baseline 0 -16"><span class='ocrx_word' id='word_1_70' title='bbox 96 1061 190 1116; x_wconf 84' lang='lat' dir='ltr'><strong>Mults</strong></span> <span class='ocrx_word' id='word_1_71' title='bbox 207 1063 290 1118; x_wconf 87' lang='lat' dir='ltr'><strong>fidem</strong></span> <span class='ocrx_word' id='word_1_72' title='bbox 308 1065 440 1132; x_wconf 80' lang='lat' dir='ltr'><strong>promisso</strong></span> <span class='ocrx_word' id='word_1_73' title='bbox 457 1065 557 1132; x_wconf 75' lang='lat' dir='ltr'><strong>levant,</strong></span> <span class='ocrx_word' id='word_1_74' title='bbox 574 1063 621 1116; x_wconf 90' lang='lat' dir='ltr'><strong>ubi</strong></span> <span class='ocrx_word' id='word_1_75' title='bbox 638 1063 744 1131; x_wconf 82' lang='lat' dir='ltr'><strong>plenius</strong></span> <span class='ocrx_word' id='word_1_76' title='bbox 760 1077 848 1126; x_wconf 82' lang='lat' dir='ltr'><strong>aequo</strong></span> <span class='ocrx_word' id='word_1_77' title='bbox 883 1103 887 1114; x_wconf 93' lang='lat'>.</span> <span class='ocrx_word' id='word_1_78' title='bbox 925 1075 947 1116; x_wconf 84' lang='lat' dir='ltr'><strong>ro</strong></span> 
     </span>
     <span class='ocr_line' id='line_1_13' title="bbox 97 1136 768 1207; baseline 0.004 -17"><span class='ocrx_word' id='word_1_79' title='bbox 97 1136 208 1192; x_wconf 79' lang='lat' dir='ltr'><strong>Laudat</strong></span> <span class='ocrx_word' id='word_1_80' title='bbox 225 1140 333 1193; x_wconf 80' lang='lat' dir='ltr'><strong>venales</strong></span> <span class='ocrx_word' id='word_1_81' title='bbox 351 1140 398 1207; x_wconf 91' lang='lat' dir='ltr'><strong>qui</strong></span> <span class='ocrx_word' id='word_1_82' title='bbox 415 1140 475 1194; x_wconf 85' lang='lat' dir='ltr'><strong>vult</strong></span> <span class='ocrx_word' id='word_1_83' title='bbox 492 1139 640 1194; x_wconf 87' lang='lat' dir='ltr'><strong>extrudere</strong></span> <span class='ocrx_word' id='word_1_84' title='bbox 657 1155 768 1193; x_wconf 80' lang='lat' dir='ltr'>merces.</span> 
     </span>
    </p>

    <p class='ocr_par' dir='ltr' id='par_1_8' title="bbox 98 1211 829 1282">
     <span class='ocr_line' id='line_1_14' title="bbox 98 1211 829 1282; baseline 0.003 -15"><span class='ocrx_word' id='word_1_85' title='bbox 98 1211 157 1267; x_wconf 83' lang='lat' dir='ltr'><strong>Res</strong></span> <span class='ocrx_word' id='word_1_86' title='bbox 173 1219 256 1282; x_wconf 80' lang='lat' dir='ltr'><strong>urget</strong></span> <span class='ocrx_word' id='word_1_87' title='bbox 272 1231 317 1267; x_wconf 89' lang='lat' dir='ltr'><strong>me</strong></span> <span class='ocrx_word' id='word_1_88' title='bbox 334 1215 423 1281; x_wconf 85' lang='lat' dir='ltr'><strong>nulls;</strong></span> <span class='ocrx_word' id='word_1_89' title='bbox 438 1231 499 1268; x_wconf 90' lang='lat' dir='ltr'><strong>meo</strong></span> <span class='ocrx_word' id='word_1_90' title='bbox 517 1231 577 1268; x_wconf 91' lang='lat' dir='ltr'><strong>sum</strong></span> <span class='ocrx_word' id='word_1_91' title='bbox 594 1231 697 1282; x_wconf 86' lang='lat' dir='ltr'><strong>peuper</strong></span> <span class='ocrx_word' id='word_1_92' title='bbox 713 1215 742 1268; x_wconf 89' lang='lat' dir='ltr'><strong>in</strong></span> <span class='ocrx_word' id='word_1_93' title='bbox 759 1224 829 1270; x_wconf 85' lang='lat' dir='ltr'><strong>aere.</strong></span> 
     </span>
    </p>

    <p class='ocr_par' dir='ltr' id='par_1_9' title="bbox 97 1287 947 1584">
     <span class='ocr_line' id='line_1_15' title="bbox 97 1287 947 1358; baseline 0.004 -17"><span class='ocrx_word' id='word_1_94' title='bbox 97 1287 188 1342; x_wconf 87' lang='lat' dir='ltr'><strong>Nemo</strong></span> <span class='ocrx_word' id='word_1_95' title='bbox 205 1290 256 1344; x_wconf 87' lang='lat' dir='ltr'><strong>boe</strong></span> <span class='ocrx_word' id='word_1_96' title='bbox 273 1306 436 1358; x_wconf 82' lang='lat' dir='ltr'><strong>mangonum</strong></span> <span class='ocrx_word' id='word_1_97' title='bbox 453 1292 555 1344; x_wconf 75' lang='lat' dir='ltr'><strong>luceret</strong></span> <span class='ocrx_word' id='word_1_98' title='bbox 571 1290 637 1355; x_wconf 79' lang='lat' dir='ltr'><strong>tibi3</strong></span> <span class='ocrx_word' id='word_1_99' title='bbox 654 1307 708 1343; x_wconf 90' lang='lat' dir='ltr'><strong>non</strong></span> <span class='ocrx_word' id='word_1_100' title='bbox 725 1294 830 1344; x_wconf 86' lang='lat' dir='ltr'><strong>temero</strong></span> <span class='ocrx_word' id='word_1_101' title='bbox 846 1306 864 1343; x_wconf 80' lang='lat' dir='ltr'><strong>o</strong></span> <span class='ocrx_word' id='word_1_102' title='bbox 879 1304 947 1344; x_wconf 71' lang='lat' dir='ltr'><strong>met</strong></span> 
     </span>
     <span class='ocr_line' id='line_1_16' title="bbox 98 1363 938 1435; baseline 0.002 -18"><span class='ocrx_word' id='word_1_103' title='bbox 98 1363 194 1435; x_wconf 84' lang='lat' dir='ltr'><strong>Quivis</strong></span> <span class='ocrx_word' id='word_1_104' title='bbox 210 1365 296 1418; x_wconf 86' lang='lat' dir='ltr'><strong>ferret</strong></span> <span class='ocrx_word' id='word_1_105' title='bbox 313 1365 395 1421; x_wconf 89' lang='lat' dir='ltr'><strong>idem.</strong></span> <span class='ocrx_word' id='word_1_106' title='bbox 430 1366 520 1420; x_wconf 82' lang='lat' dir='ltr'><strong>Semel</strong></span> <span class='ocrx_word' id='word_1_107' title='bbox 537 1366 582 1420; x_wconf 88' lang='lat' dir='ltr'><strong>hie</strong></span> <span class='ocrx_word' id='word_1_108' title='bbox 599 1365 715 1418; x_wconf 80' lang='lat' dir='ltr'><strong>cessavit</strong></span> <span class='ocrx_word' id='word_1_109' title='bbox 732 1368 768 1432; x_wconf 90' lang='lat' dir='ltr'><strong>et,</strong></span> <span class='ocrx_word' id='word_1_110' title='bbox 786 1373 818 1419; x_wconf 87' lang='lat' dir='ltr'><strong>ut</strong></span> <span class='ocrx_word' id='word_1_111' title='bbox 835 1365 876 1433; x_wconf 82' lang='lat' dir='ltr'><strong>fit,</strong></span> <span class='ocrx_word' id='word_1_112' title='bbox 936 1423 938 1428; x_wconf 68' lang='grc'>,</span> 
     </span>
     <span class='ocr_line' id='line_1_17' title="bbox 97 1439 945 1510; baseline 0.002 -18"><span class='ocrx_word' id='word_1_113' title='bbox 97 1439 133 1492; x_wconf 78' lang='lat' dir='ltr'><strong>ln</strong></span> <span class='ocrx_word' id='word_1_114' title='bbox 152 1440 231 1494; x_wconf 83' lang='lat' dir='ltr'><strong>sealis</strong></span> <span class='ocrx_word' id='word_1_115' title='bbox 247 1441 330 1496; x_wconf 81' lang='lat' dir='ltr'><strong>latuit</strong></span> <span class='ocrx_word' id='word_1_116' title='bbox 346 1445 471 1496; x_wconf 86' lang='lat' dir='ltr'><strong>metuens</strong></span> <span class='ocrx_word' id='word_1_117' title='bbox 488 1440 631 1510; x_wconf 88' lang='lat' dir='ltr'><strong>pendentis</strong></span> <span class='ocrx_word' id='word_1_118' title='bbox 648 1439 793 1494; x_wconf 81' lang='lat' dir='ltr'><strong>habenae.&#39;²</strong></span> <span class='ocrx_word' id='word_1_119' title='bbox 923 1453 945 1494; x_wconf 68' lang='grc' dir='ltr'><strong>ιε</strong></span> 
     </span>
     <span class='ocr_line' id='line_1_18' title="bbox 97 1514 806 1584; baseline 0 -17"><span class='ocrx_word' id='word_1_120' title='bbox 97 1514 157 1568; x_wconf 90' lang='lat' dir='ltr'><strong>Des</strong></span> <span class='ocrx_word' id='word_1_121' title='bbox 173 1531 304 1583; x_wconf 89' lang='lat' dir='ltr'><strong>nummos,</strong></span> <span class='ocrx_word' id='word_1_122' title='bbox 323 1519 438 1584; x_wconf 76' lang='lat' dir='ltr'><strong>excepta</strong></span> <span class='ocrx_word' id='word_1_123' title='bbox 454 1516 521 1568; x_wconf 88' lang='lat' dir='ltr'><strong>nihil</strong></span> <span class='ocrx_word' id='word_1_124' title='bbox 539 1519 569 1570; x_wconf 85' lang='lat' dir='ltr'><strong>te</strong></span> <span class='ocrx_word' id='word_1_125' title='bbox 586 1516 608 1568; x_wconf 86' lang='lat' dir='ltr'><strong>si</strong></span> <span class='ocrx_word' id='word_1_126' title='bbox 625 1515 690 1583; x_wconf 82' lang='lat' dir='ltr'><strong>lugo</strong></span> <span class='ocrx_word' id='word_1_127' title='bbox 707 1514 806 1582; x_wconf 79' lang='lat' dir='ltr'><strong>laedet,</strong></span> 
     </span>
    </p>

    <p class='ocr_par' dir='ltr' id='par_1_10' title="bbox 98 1589 756 1660">
     <span class='ocr_line' id='line_1_19' title="bbox 98 1589 756 1660; baseline 0 -17"><span class='ocrx_word' id='word_1_128' title='bbox 98 1589 151 1644; x_wconf 89' lang='lat' dir='ltr'><strong>Ille</strong></span> <span class='ocrx_word' id='word_1_129' title='bbox 168 1591 239 1645; x_wconf 79' lang='lat' dir='ltr'><strong>feret</strong></span> <span class='ocrx_word' id='word_1_130' title='bbox 255 1593 375 1660; x_wconf 88' lang='lat' dir='ltr'><strong>pretium</strong></span> <span class='ocrx_word' id='word_1_131' title='bbox 391 1607 495 1660; x_wconf 82' lang='lat' dir='ltr'><strong>poenes</strong></span> <span class='ocrx_word' id='word_1_132' title='bbox 512 1606 629 1658; x_wconf 86' lang='lat' dir='ltr'><strong>securus,</strong></span> <span class='ocrx_word' id='word_1_133' title='bbox 647 1590 756 1660; x_wconf 87' lang='lat' dir='ltr'><strong>opin0r;</strong></span> 
     </span>
    </p>
   </div>
   <div class='ocr_carea' id='block_1_4' title="bbox 12 1664 824 1810">
    <p class='ocr_par' dir='ltr' id='par_1_11' title="bbox 12 1664 824 1810">
     <span class='ocr_line' id='line_1_20' title="bbox 12 1664 800 1732; baseline 0.003 -14"><span class='ocrx_word' id='word_1_134' title='bbox 12 1687 13 1726; x_wconf 59' lang='lat' dir='ltr'><strong><em>g</em></strong></span> <span class='ocrx_word' id='word_1_135' title='bbox 98 1664 225 1719; x_wconf 82' lang='lat' dir='ltr'><strong>Prudens</strong></span> <span class='ocrx_word' id='word_1_136' title='bbox 242 1667 333 1720; x_wconf 86' lang='lat' dir='ltr'><strong>emisti</strong></span> <span class='ocrx_word' id='word_1_137' title='bbox 350 1667 492 1732; x_wconf 69' lang='lat' dir='ltr'><strong>vitiosum</strong></span> <span class='ocrx_word' id='word_1_138' title='bbox 509 1667 583 1720; x_wconf 81' lang='lat' dir='ltr'><strong>dieta</strong></span> <span class='ocrx_word' id='word_1_139' title='bbox 599 1665 652 1720; x_wconf 86' lang='lat' dir='ltr'><strong>tibi</strong></span> <span class='ocrx_word' id='word_1_140' title='bbox 669 1670 712 1720; x_wconf 88' lang='lat' dir='ltr'><strong>est</strong></span> <span class='ocrx_word' id='word_1_141' title='bbox 729 1665 800 1720; x_wconf 76' lang='lat' dir='ltr'><strong>lens·</strong></span> 
     </span>
     <span class='ocr_line' id='line_1_21' title="bbox 12 1740 824 1810; baseline 0.002 -16"><span class='ocrx_word' id='word_1_142' title='bbox 12 1767 13 1774; x_wconf 30' lang='grc' dir='ltr'>ι</span> <span class='ocrx_word' id='word_1_143' title='bbox 99 1741 256 1810; x_wconf 88' lang='lat' dir='ltr'><strong>Insequeris</strong></span> <span class='ocrx_word' id='word_1_144' title='bbox 273 1745 365 1796; x_wconf 66' lang='lat' dir='ltr'><strong>mmen</strong></span> <span class='ocrx_word' id='word_1_145' title='bbox 382 1743 453 1795; x_wconf 88' lang='lat' dir='ltr'><strong>bunc</strong></span> <span class='ocrx_word' id='word_1_146' title='bbox 471 1746 500 1795; x_wconf 90' lang='lat' dir='ltr'><strong>et</strong></span> <span class='ocrx_word' id='word_1_147' title='bbox 516 1740 566 1795; x_wconf 87' lang='lat' dir='ltr'><strong>lite</strong></span> <span class='ocrx_word' id='word_1_148' title='bbox 583 1741 698 1796; x_wconf 83' lang='lat' dir='ltr'><strong>moreris</strong></span> <span class='ocrx_word' id='word_1_149' title='bbox 715 1741 824 1810; x_wconf 80' lang='lat' dir='ltr'><strong>iniqusl</strong></span> 
     </span>
    </p>
   </div>
   <div class='ocr_carea' id='block_1_5' title="bbox 12 1814 944 2038">
    <p class='ocr_par' dir='ltr' id='par_1_12' title="bbox 12 1814 944 2038">
     <span class='ocr_line' id='line_1_22' title="bbox 97 1814 944 1885; baseline 0.001 -17"><span class='ocrx_word' id='word_1_150' title='bbox 97 1814 163 1869; x_wconf 81' lang='lat' dir='ltr'><strong>Dixi</strong></span> <span class='ocrx_word' id='word_1_151' title='bbox 179 1833 224 1870; x_wconf 88' lang='lat' dir='ltr'><strong>ms</strong></span> <span class='ocrx_word' id='word_1_152' title='bbox 241 1817 349 1885; x_wconf 81' lang='lat' dir='ltr'><strong>pigrum</strong></span> <span class='ocrx_word' id='word_1_153' title='bbox 367 1817 547 1884; x_wconf 77' lang='lat' dir='ltr'><strong>proficiscenti</strong></span> <span class='ocrx_word' id='word_1_154' title='bbox 563 1816 623 1883; x_wconf 88' lang='lat' dir='ltr'><strong>tibi,</strong></span> <span class='ocrx_word' id='word_1_155' title='bbox 641 1816 698 1870; x_wconf 82' lang='lat' dir='ltr'><strong>dixi</strong></span> <span class='ocrx_word' id='word_1_156' title='bbox 920 1829 944 1869; x_wconf 77' lang='lat' dir='ltr'><strong>so</strong></span> 
     </span>
     <span class='ocr_line' id='line_1_23' title="bbox 12 1890 822 1964; baseline -0.001 -20"><span class='ocrx_word' id='word_1_157' title='bbox 12 1951 13 1964; x_wconf 16' lang='grc' dir='ltr'><strong>ἶ</strong></span> <span class='ocrx_word' id='word_1_158' title='bbox 97 1890 206 1945; x_wconf 76' lang='lat' dir='ltr'><strong>Talibus</strong></span> <span class='ocrx_word' id='word_1_159' title='bbox 224 1891 317 1946; x_wconf 84' lang='lat' dir='ltr'><strong>officiis</strong></span> <span class='ocrx_word' id='word_1_160' title='bbox 334 1909 419 1960; x_wconf 86' lang='lat' dir='ltr'><strong>prope</strong></span> <span class='ocrx_word' id='word_1_161' title='bbox 437 1908 568 1958; x_wconf 81' lang='lat' dir='ltr'><strong>maneum,</strong></span> <span class='ocrx_word' id='word_1_162' title='bbox 585 1908 699 1946; x_wconf 83' lang='lat' dir='ltr'><strong>nemea</strong></span> <span class='ocrx_word' id='word_1_163' title='bbox 716 1903 822 1944; x_wconf 63' lang='lat' dir='ltr'><strong>saevus⁴</strong></span> 
     </span>
     <span class='ocr_line' id='line_1_24' title="bbox 12 1965 773 2038; baseline 0.001 -19"><span class='ocrx_word' id='word_1_164' title='bbox 12 1975 13 2038; x_wconf 63' lang='lat' dir='ltr'><strong>f</strong></span> <span class='ocrx_word' id='word_1_165' title='bbox 97 1965 230 2035; x_wconf 80' lang='lat' dir='ltr'><strong>Jurgsres</strong></span> <span class='ocrx_word' id='word_1_166' title='bbox 247 1967 284 2020; x_wconf 87' lang='lat' dir='ltr'><strong>sd</strong></span> <span class='ocrx_word' id='word_1_167' title='bbox 300 1980 329 2021; x_wconf 81' lang='lat' dir='ltr'><strong>te</strong></span> <span class='ocrx_word' id='word_1_168' title='bbox 347 1968 421 2035; x_wconf 89' lang='lat' dir='ltr'><strong>quod</strong></span> <span class='ocrx_word' id='word_1_169' title='bbox 438 1967 554 2036; x_wconf 82' lang='lat' dir='ltr'><strong>epistola</strong></span> <span class='ocrx_word' id='word_1_170' title='bbox 569 1967 644 2020; x_wconf 84' lang='lat' dir='ltr'><strong>nulls</strong></span> <span class='ocrx_word' id='word_1_171' title='bbox 660 1967 773 2020; x_wconf 77' lang='lat' dir='ltr'><strong>rediret.</strong></span> 
     </span>
    </p>
   </div>
   <div class='ocr_carea' id='block_1_6' title="bbox 12 2041 927 2188">
    <p class='ocr_par' dir='ltr' id='par_1_13' title="bbox 12 2041 927 2188">
     <span class='ocr_line' id='line_1_25' title="bbox 12 2041 714 2112; baseline 0.003 -18"><span class='ocrx_word' id='word_1_172' title='bbox 12 2085 13 2094; x_wconf 70' lang='grc'>,</span> <span class='ocrx_word' id='word_1_173' title='bbox 98 2041 171 2106; x_wconf 83' lang='lat' dir='ltr'><strong>Quid</strong></span> <span class='ocrx_word' id='word_1_174' title='bbox 188 2047 248 2097; x_wconf 87' lang='lat' dir='ltr'><strong>tum</strong></span> <span class='ocrx_word' id='word_1_175' title='bbox 265 2044 367 2112; x_wconf 81' lang='lat' dir='ltr'><strong>proieci</strong></span> <span class='ocrx_word' id='word_1_176' title='bbox 384 2059 491 2097; x_wconf 83' lang='lat' dir='ltr'><strong>meeum</strong></span> <span class='ocrx_word' id='word_1_177' title='bbox 508 2043 635 2097; x_wconf 81' lang='lat' dir='ltr'><strong>facientia</strong></span> <span class='ocrx_word' id='word_1_178' title='bbox 648 2042 714 2111; x_wconf 74' lang='lat' dir='ltr'><strong>jura</strong></span> 
     </span>
     <span class='ocr_line' id='line_1_26' title="bbox 15 2115 927 2188; baseline 0 -18"><span class='ocrx_word' id='word_1_179' title='bbox 15 2171 22 2178; x_wconf 81' lang='grc'><strong>,</strong></span> <span class='ocrx_word' id='word_1_180' title='bbox 97 2117 127 2171; x_wconf 79' lang='lat' dir='ltr'><strong>si</strong></span> <span class='ocrx_word' id='word_1_181' title='bbox 144 2121 238 2172; x_wconf 73' lang='lat' dir='ltr'><strong>tomen</strong></span> <span class='ocrx_word' id='word_1_182' title='bbox 255 2120 394 2172; x_wconf 82' lang='lat' dir='ltr'><strong>ottentssl</strong></span> <span class='ocrx_word' id='word_1_183' title='bbox 431 2118 559 2182; x_wconf 84' lang='lat' dir='ltr'><strong>Quereris</strong></span> <span class='ocrx_word' id='word_1_184' title='bbox 577 2135 658 2188; x_wconf 88' lang='lat' dir='ltr'><strong>super</strong></span> <span class='ocrx_word' id='word_1_185' title='bbox 675 2118 726 2173; x_wconf 86' lang='lat' dir='ltr'><strong>boe</strong></span> <span class='ocrx_word' id='word_1_186' title='bbox 743 2117 834 2186; x_wconf 82' lang='lat' dir='ltr'><strong>etism,</strong></span> <span class='ocrx_word' id='word_1_187' title='bbox 852 2115 927 2187; x_wconf 87' lang='lat' dir='ltr'><strong>quod</strong></span> 
     </span>
    </p>
   </div>
   <div class='ocr_carea' id='block_1_7' title="bbox 97 2192 943 2262">
    <p class='ocr_par' dir='ltr' id='par_1_14' title="bbox 97 2192 943 2262">
     <span class='ocr_line' id='line_1_27' title="bbox 97 2192 943 2262; baseline 0.002 -16"><span class='ocrx_word' id='word_1_188' title='bbox 97 2192 263 2262; x_wconf 77' lang='lat' dir='ltr'><strong>Exspectate</strong></span> <span class='ocrx_word' id='word_1_189' title='bbox 279 2193 338 2247; x_wconf 90' lang='lat' dir='ltr'><strong>tibi&#39;</strong></span> <span class='ocrx_word' id='word_1_190' title='bbox 348 2210 403 2248; x_wconf 91' lang='lat' dir='ltr'><strong>non</strong></span> <span class='ocrx_word' id='word_1_191' title='bbox 419 2195 527 2248; x_wconf 83' lang='lat' dir='ltr'><strong>mittam</strong></span> <span class='ocrx_word' id='word_1_192' title='bbox 545 2195 664 2248; x_wconf 80' lang='lat' dir='ltr'><strong>carmine</strong></span> <span class='ocrx_word' id='word_1_193' title='bbox 681 2193 811 2250; x_wconf 79' lang='lat' dir='ltr'><strong>mendax.</strong></span> <span class='ocrx_word' id='word_1_194' title='bbox 919 2207 943 2248; x_wconf 75' lang='lat' dir='ltr'><strong>se</strong></span> 
     </span>
    </p>
   </div>
   <div class='ocr_carea' id='block_1_8' title="bbox 12 2263 820 2412">
    <p class='ocr_par' dir='ltr' id='par_1_15' title="bbox 12 2263 820 2412">
     <span class='ocr_line' id='line_1_28' title="bbox 12 2263 652 2323; baseline 0.009 -7"><span class='ocrx_word' id='word_1_195' title='bbox 12 2263 13 2316; x_wconf 73' lang='lat' dir='ltr'><strong>l</strong></span> <span class='ocrx_word' id='word_1_196' title='bbox 98 2267 203 2322; x_wconf 85' lang='lat' dir='ltr'><strong>Lnenlli</strong></span> <span class='ocrx_word' id='word_1_197' title='bbox 219 2268 298 2322; x_wconf 89' lang='lat' dir='ltr'><strong>miles</strong></span> <span class='ocrx_word' id='word_1_198' title='bbox 314 2269 427 2323; x_wconf 81' lang='lat' dir='ltr'><strong>eolleets</strong></span> <span class='ocrx_word' id='word_1_199' title='bbox 444 2270 541 2323; x_wconf 75' lang='lat' dir='ltr'><strong>vistim</strong></span> <span class='ocrx_word' id='word_1_200' title='bbox 557 2270 652 2322; x_wconf 87' lang='lat' dir='ltr'><strong>multis</strong></span> 
     </span>
     <span class='ocr_line' id='line_1_29' title="bbox 12 2343 820 2412; baseline -0.002 -14"><span class='ocrx_word' id='word_1_201' title='bbox 12 2365 13 2378; x_wconf 48' lang='grc' dir='ltr'>ι</span> <span class='ocrx_word' id='word_1_202' title='bbox 99 2344 253 2412; x_wconf 83' lang='lat' dir='ltr'><strong>Aernmnis,</strong></span> <span class='ocrx_word' id='word_1_203' title='bbox 271 2345 359 2398; x_wconf 73' lang='lat' dir='ltr'><strong>lassus</strong></span> <span class='ocrx_word' id='word_1_204' title='bbox 376 2345 442 2398; x_wconf 90' lang='lat' dir='ltr'><strong>dum</strong></span> <span class='ocrx_word' id='word_1_205' title='bbox 459 2350 541 2399; x_wconf 85' lang='lat' dir='ltr'><strong>noctu</strong></span> <span class='ocrx_word' id='word_1_206' title='bbox 558 2345 659 2410; x_wconf 84' lang='lat' dir='ltr'><strong>stertit,</strong></span> <span class='ocrx_word' id='word_1_207' title='bbox 678 2343 714 2398; x_wconf 84' lang='lat' dir='ltr'><strong>od</strong></span> <span class='ocrx_word' id='word_1_208' title='bbox 731 2360 820 2398; x_wconf 82' lang='lat' dir='ltr'><strong>assem</strong></span> 
     </span>
    </p>
   </div>
   <div class='ocr_carea' id='block_1_9' title="bbox 98 2417 954 2488">
    <p class='ocr_par' dir='ltr' id='par_1_16' title="bbox 98 2417 954 2488">
     <span class='ocr_line' id='line_1_30' title="bbox 98 2417 954 2488; baseline -0.004 -16"><span class='ocrx_word' id='word_1_209' title='bbox 98 2418 277 2483; x_wconf 84' lang='lat' dir='ltr'><strong>Perdiderot;</strong></span> <span class='ocrx_word' id='word_1_210' title='bbox 292 2425 355 2488; x_wconf 87' lang='lat' dir='ltr'><strong>post</strong></span> <span class='ocrx_word' id='word_1_211' title='bbox 372 2419 423 2473; x_wconf 85' lang='lat' dir='ltr'><strong>hoe</strong></span> <span class='ocrx_word' id='word_1_212' title='bbox 440 2421 584 2474; x_wconf 80' lang='lat' dir='ltr'><strong>vehemens</strong></span> <span class='ocrx_word' id='word_1_213' title='bbox 600 2421 680 2488; x_wconf 90' lang='lat' dir='ltr'><strong>lupus</strong></span> <span class='ocrx_word' id='word_1_214' title='bbox 698 2424 728 2473; x_wconf 86' lang='lat' dir='ltr'><strong>et</strong></span> <span class='ocrx_word' id='word_1_215' title='bbox 744 2418 797 2474; x_wconf 92' lang='lat' dir='ltr'><strong>sibi</strong></span> <span class='ocrx_word' id='word_1_216' title='bbox 814 2421 845 2474; x_wconf 90' lang='lat' dir='ltr'><strong>et</strong></span> <span class='ocrx_word' id='word_1_217' title='bbox 860 2417 954 2473; x_wconf 65' lang='lat' dir='ltr'><strong>hostis</strong></span> 
     </span>
    </p>
   </div>
   <div class='ocr_carea' id='block_1_10' title="bbox 12 2495 668 2564">
    <p class='ocr_par' dir='ltr' id='par_1_17' title="bbox 12 2495 668 2564">
     <span class='ocr_line' id='line_1_31' title="bbox 12 2495 668 2564; baseline 0 -16"><span class='ocrx_word' id='word_1_218' title='bbox 12 2513 13 2564; x_wconf 71' lang='lat'>3</span> <span class='ocrx_word' id='word_1_219' title='bbox 98 2495 190 2549; x_wconf 71' lang='lat' dir='ltr'><strong>Iratum</strong></span> <span class='ocrx_word' id='word_1_220' title='bbox 207 2495 317 2564; x_wconf 81' lang='lat' dir='ltr'><strong>puriter,</strong></span> <span class='ocrx_word' id='word_1_221' title='bbox 331 2495 436 2564; x_wconf 87' lang='lat' dir='ltr'><strong>jejunis</strong></span> <span class='ocrx_word' id='word_1_222' title='bbox 453 2495 581 2550; x_wconf 85' lang='lat' dir='ltr'><strong>dentibus</strong></span> <span class='ocrx_word' id='word_1_223' title='bbox 599 2511 668 2556; x_wconf 79' lang='lat' dir='ltr'><strong>seer,</strong></span> 
     </span>
    </p>
   </div>
   <div class='ocr_carea' id='block_1_11' title="bbox 12 2570 942 3242">
    <p class='ocr_par' dir='ltr' id='par_1_18' title="bbox 12 2570 942 2720">
     <span class='ocr_line' id='line_1_32' title="bbox 98 2570 942 2639; baseline 0 -15"><span class='ocrx_word' id='word_1_224' title='bbox 98 2570 267 2625; x_wconf 83' lang='lat' dir='ltr'><strong>Praesidium</strong></span> <span class='ocrx_word' id='word_1_225' title='bbox 285 2571 377 2639; x_wconf 78' lang='lat' dir='ltr'><strong>regale</strong></span> <span class='ocrx_word' id='word_1_226' title='bbox 394 2571 453 2624; x_wconf 84' lang='lat' dir='ltr'><strong>loeo</strong></span> <span class='ocrx_word' id='word_1_227' title='bbox 469 2570 580 2639; x_wconf 80' lang='lat' dir='ltr'><strong>dejecit,</strong></span> <span class='ocrx_word' id='word_1_228' title='bbox 596 2574 630 2624; x_wconf 87' lang='lat' dir='ltr'><strong>ut</strong></span> <span class='ocrx_word' id='word_1_229' title='bbox 645 2570 730 2637; x_wconf 81' lang='lat' dir='ltr'><strong>siunt,</strong></span> <span class='ocrx_word' id='word_1_230' title='bbox 892 2619 895 2628; x_wconf 91' lang='grc'><em>,</em></span> <span class='ocrx_word' id='word_1_231' title='bbox 919 2581 942 2623; x_wconf 78' lang='lat' dir='ltr'><strong>oo</strong></span> 
     </span>
     <span class='ocr_line' id='line_1_33' title="bbox 12 2645 809 2720; baseline 0.004 -20"><span class='ocrx_word' id='word_1_232' title='bbox 12 2713 13 2720; x_wconf 8' lang='grc' dir='ltr'>ἵ</span> <span class='ocrx_word' id='word_1_233' title='bbox 98 2646 330 2700; x_wconf 82' lang='lat' dir='ltr'><strong>Summe&#39;munito</strong></span> <span class='ocrx_word' id='word_1_234' title='bbox 348 2649 378 2700; x_wconf 88' lang='lat' dir='ltr'><strong>et</strong></span> <span class='ocrx_word' id='word_1_235' title='bbox 393 2646 542 2700; x_wconf 81' lang='lat' dir='ltr'><strong>multarum</strong></span> <span class='ocrx_word' id='word_1_236' title='bbox 559 2645 645 2700; x_wconf 86' lang='lat' dir='ltr'><strong>divite</strong></span> <span class='ocrx_word' id='word_1_237' title='bbox 661 2661 763 2701; x_wconf 88' lang='lat' dir='ltr'><strong>rerum.</strong></span> <span class='ocrx_word' id='word_1_238' title='bbox 806 2695 809 2703; x_wconf 79' lang='grc'>,</span> 
     </span>
    </p>

    <p class='ocr_par' dir='ltr' id='par_1_19' title="bbox 12 2720 782 2798">
     <span class='ocr_line' id='line_1_34' title="bbox 12 2720 782 2798; baseline -0.003 -22"><span class='ocrx_word' id='word_1_239' title='bbox 12 2723 13 2798; x_wconf 63' lang='lat' dir='ltr'><strong>l</strong></span> <span class='ocrx_word' id='word_1_240' title='bbox 98 2721 192 2776; x_wconf 75' lang='lat' dir='ltr'><strong>Clarus</strong></span> <span class='ocrx_word' id='word_1_241' title='bbox 209 2721 245 2775; x_wconf 92' lang='lat' dir='ltr'><strong>ob</strong></span> <span class='ocrx_word' id='word_1_242' title='bbox 262 2720 293 2774; x_wconf 90' lang='lat' dir='ltr'><strong>id</strong></span> <span class='ocrx_word' id='word_1_243' title='bbox 309 2722 411 2774; x_wconf 79' lang='lat' dir='ltr'><strong>foetum</strong></span> <span class='ocrx_word' id='word_1_244' title='bbox 429 2721 507 2774; x_wconf 89' lang='lat' dir='ltr'><strong>donis</strong></span> <span class='ocrx_word' id='word_1_245' title='bbox 524 2731 637 2774; x_wconf 76' lang='lat' dir='ltr'><strong>ornatur</strong></span> <span class='ocrx_word' id='word_1_246' title='bbox 653 2721 782 2788; x_wconf 83' lang='lat' dir='ltr'><strong>honestis,</strong></span> 
     </span>
    </p>

    <p class='ocr_par' dir='ltr' id='par_1_20' title="bbox 98 2796 810 2866">
     <span class='ocr_line' id='line_1_35' title="bbox 98 2796 810 2866; baseline -0.004 -15"><span class='ocrx_word' id='word_1_247' title='bbox 98 2797 205 2866; x_wconf 74' lang='lat' dir='ltr'><strong>Accipit</strong></span> <span class='ocrx_word' id='word_1_248' title='bbox 223 2800 253 2851; x_wconf 87' lang='lat' dir='ltr'><strong>et</strong></span> <span class='ocrx_word' id='word_1_249' title='bbox 270 2796 313 2850; x_wconf 88' lang='lat' dir='ltr'><strong>bis</strong></span> <span class='ocrx_word' id='word_1_250' title='bbox 330 2797 402 2850; x_wconf 84' lang='lat' dir='ltr'><strong>deno</strong></span> <span class='ocrx_word' id='word_1_251' title='bbox 419 2813 501 2864; x_wconf 90' lang='lat' dir='ltr'><strong>super</strong></span> <span class='ocrx_word' id='word_1_252' title='bbox 518 2796 646 2850; x_wconf 82' lang='lat' dir='ltr'><strong>sestertio</strong></span> <span class='ocrx_word' id='word_1_253' title='bbox 662 2810 810 2852; x_wconf 84' lang='lat' dir='ltr'><strong>nummum.</strong></span> 
     </span>
    </p>

    <p class='ocr_par' dir='ltr' id='par_1_21' title="bbox 97 2871 940 3242">
     <span class='ocr_line' id='line_1_36' title="bbox 98 2871 869 2940; baseline -0.004 -14"><span class='ocrx_word' id='word_1_254' title='bbox 98 2872 180 2927; x_wconf 82' lang='lat' dir='ltr'><strong>Forte</strong></span> <span class='ocrx_word' id='word_1_255' title='bbox 198 2871 249 2926; x_wconf 87' lang='lat' dir='ltr'><strong>sub</strong></span> <span class='ocrx_word' id='word_1_256' title='bbox 265 2873 316 2925; x_wconf 88' lang='lat' dir='ltr'><strong>hoo</strong></span> <span class='ocrx_word' id='word_1_257' title='bbox 333 2876 442 2940; x_wconf 88' lang='lat' dir='ltr'><strong>tempus</strong></span> <span class='ocrx_word' id='word_1_258' title='bbox 459 2873 600 2925; x_wconf 65' lang='lat' dir='ltr'><strong>castellum</strong></span> <span class='ocrx_word' id='word_1_259' title='bbox 617 2876 741 2926; x_wconf 84' lang='lat' dir='ltr'><strong>evertere</strong></span> <span class='ocrx_word' id='word_1_260' title='bbox 757 2871 869 2940; x_wconf 71' lang='lat' dir='ltr'><strong>praetor</strong></span> 
     </span>
     <span class='ocr_line' id='line_1_37' title="bbox 97 2947 940 3016; baseline 0 -14"><span class='ocrx_word' id='word_1_261' title='bbox 97 2947 194 3002; x_wconf 82' lang='lat' dir='ltr'><strong>Nescio</strong></span> <span class='ocrx_word' id='word_1_262' title='bbox 212 2947 286 3016; x_wconf 89' lang='lat' dir='ltr'><strong>quod</strong></span> <span class='ocrx_word' id='word_1_263' title='bbox 304 2948 414 3016; x_wconf 82' lang='lat' dir='ltr'><strong>cupiens</strong></span> <span class='ocrx_word' id='word_1_264' title='bbox 432 2948 534 3002; x_wconf 78' lang='lat' dir='ltr'><strong>hortari</strong></span> <span class='ocrx_word' id='word_1_265' title='bbox 552 2948 642 3016; x_wconf 83' lang='lat' dir='ltr'><strong>eoepit</strong></span> <span class='ocrx_word' id='word_1_266' title='bbox 659 2947 776 3002; x_wconf 89' lang='lat' dir='ltr'><strong>eundem</strong></span> <span class='ocrx_word' id='word_1_267' title='bbox 918 2961 940 3002; x_wconf 65' lang='lat'><strong>⁸⁵</strong></span> 
     </span>
     <span class='ocr_line' id='line_1_38' title="bbox 97 3022 918 3092; baseline -0.002 -16"><span class='ocrx_word' id='word_1_268' title='bbox 97 3022 196 3078; x_wconf 87' lang='lat' dir='ltr'><strong>Verbis</strong></span> <span class='ocrx_word' id='word_1_269' title='bbox 214 3041 284 3092; x_wconf 84' lang='lat' dir='ltr'><strong>quse</strong></span> <span class='ocrx_word' id='word_1_270' title='bbox 301 3023 398 3078; x_wconf 87' lang='lat' dir='ltr'><strong>timido</strong></span> <span class='ocrx_word' id='word_1_271' title='bbox 416 3040 524 3092; x_wconf 90' lang='lat' dir='ltr'><strong>quoque</strong></span> <span class='ocrx_word' id='word_1_272' title='bbox 540 3027 651 3092; x_wconf 84' lang='lat' dir='ltr'><strong>possent</strong></span> <span class='ocrx_word' id='word_1_273' title='bbox 668 3022 769 3076; x_wconf 85' lang='lat' dir='ltr'><strong>sddere</strong></span> <span class='ocrx_word' id='word_1_274' title='bbox 786 3023 918 3076; x_wconf 87' lang='lat' dir='ltr'><strong>mentem:</strong></span> 
     </span>
     <span class='ocr_line' id='line_1_39' title="bbox 98 3097 853 3168; baseline -0.004 -16"><span class='ocrx_word' id='word_1_275' title='bbox 98 3097 140 3167; x_wconf 83' lang='lat'><strong>“1,</strong></span> <span class='ocrx_word' id='word_1_276' title='bbox 156 3097 233 3168; x_wconf 89' lang='lat' dir='ltr'><strong>bone,</strong></span> <span class='ocrx_word' id='word_1_277' title='bbox 252 3115 306 3168; x_wconf 90' lang='lat' dir='ltr'><strong>quo</strong></span> <span class='ocrx_word' id='word_1_278' title='bbox 324 3100 411 3153; x_wconf 85' lang='lat' dir='ltr'><strong>virtus</strong></span> <span class='ocrx_word' id='word_1_279' title='bbox 428 3103 523 3153; x_wconf 76' lang='lat' dir='ltr'><strong>tuate</strong></span> <span class='ocrx_word' id='word_1_280' title='bbox 540 3102 624 3154; x_wconf 79' lang='lat' dir='ltr'><strong>voest</strong></span> <span class='ocrx_word' id='word_1_281' title='bbox 641 3098 652 3150; x_wconf 93' lang='lat' dir='ltr'><strong>i</strong></span> <span class='ocrx_word' id='word_1_282' title='bbox 669 3097 740 3166; x_wconf 89' lang='lat' dir='ltr'><strong>pede</strong></span> <span class='ocrx_word' id='word_1_283' title='bbox 757 3097 853 3162; x_wconf 82' lang='lat' dir='ltr'><strong>fausto,</strong></span> 
     </span>
     <span class='ocr_line' id='line_1_40' title="bbox 99 3171 880 3242; baseline -0.001 -12"><span class='ocrx_word' id='word_1_284' title='bbox 99 3173 217 3230; x_wconf 77' lang='lat' dir='ltr'><strong>Grurdio</strong></span> <span class='ocrx_word' id='word_1_285' title='bbox 234 3175 339 3230; x_wconf 76' lang='lat' dir='ltr'><strong>laturus</strong></span> <span class='ocrx_word' id='word_1_286' title='bbox 356 3175 516 3229; x_wconf 82' lang='lat' dir='ltr'><strong>meritorum</strong></span> <span class='ocrx_word' id='word_1_287' title='bbox 533 3174 660 3242; x_wconf 71' lang='lat' dir='ltr'><strong>praemia„</strong></span> <span class='ocrx_word' id='word_1_288' title='bbox 697 3173 769 3239; x_wconf 85' lang='lat' dir='ltr'><strong>Quid</strong></span> <span class='ocrx_word' id='word_1_289' title='bbox 787 3171 880 3229; x_wconf 63' lang='lat' dir='ltr'><strong>sessu</strong></span> 
     </span>
    </p>
   </div>
   <div class='ocr_carea' id='block_1_12' title="bbox 0 0 1083 3420">
    <p class='ocr_par' dir='ltr' id='par_1_22' title="bbox 0 0 1083 3420">
     <span class='ocr_line' id='line_1_41' title="bbox 0 0 1083 3420; baseline 0 0"><span class='ocrx_word' id='word_1_290' title='bbox 0 0 1083 3420; x_wconf 95' lang='lat' dir='ltr'><strong> </strong></span> 
     </span>
    </p>
   </div>
  </div>
 </body>
</html>
