2144 3420
354 145 609 199 EPISTULARUM
625 149 648 199 1:
667 154 690 199 5.
880 149 937 196 '165

76 224 160 292 Quid
177 228 275 280 voveat
293 225 366 280 dulci
382 229 518 283 nutricula
534 230 624 298 majus
641 230 758 298 alumne,

79 303 138 368 Qui
159 319 255 372 sapere
272 305 302 357 et
319 302 371 356 furi
388 304 475 371 possit
493 322 563 374 quae
581 306 688 370 sentiat,
707 309 736 358 et
753 305 797 358 cui

80 381 190 448 Gratia,
208 381 287 447 fama,
305 379 434 434 valetudo
452 381 592 448 contingat
608 380 724 448 abunde,
912 395 936 436 lo

81 457 121 511 llt
140 456 260 511 mundns
277 457 365 510 victus
382 473 437 509 non
454 456 598 511 deficiente
615 457 758 509 crumenat

82 533 168 586 Inter
184 549 260 601 spem
278 547 432 600 curamque,
449 532 562 585 timores
579 532 652 585 inter
669 535 698 584 et
715 531 777 596 irus,

83 608 204 660 Omnem
222 607 303 661 crede
321 606 395 660 diem
412 606 464 659 tibi
482 607 614 660 diluxisse
632 621 801 674 supremum:

83 683 175 736 Grata
193 683 366 750 superveniet
383 697 454 750 quae
471 697 527 734 non
544 681 699 750 sperabitur
716 681 790 734 horu.

83 758 134 812 Me
153 758 283 824 pinguem
300 761 330 810 et
347 757 464 810 nitidum
482 756 553 810 bene
570 759 665 812 curata
681 759 744 809 cute
760 755 830 810 vises
914 769 936 810 ιε

83 832 158 885 Cum
176 831 267 886 ridere
284 831 359 885 voles
377 832 488 900 Epicuri
505 831 541 886 de
557 847 641 900 grege
658 823 794 900 porcum'
874 831 878 901 l

495 970 529 1024 V.

84 1053 118 1106 S1
137 1056 216 1121 potes
235 1053 376 1108 Archiacis
394 1053 505 1108 conviva
521 1052 681 1107 recumbere
697 1054 776 1108 lectis

84 1127 147 1180 Nec
164 1128 271 1181 modica
288 1144 404 1182 coenare
421 1129 502 1182 times
520 1129 579 1181 olus
596 1144 675 1180 omno
692 1129 800 1196 petella,
1063 1140 1064 1202 l

85 1202 222 1271 Supremo
239 1207 269 1256 te
288 1204 344 1257 eolo
362 1203 444 1272 domi,
462 1203 606 1272 Torquate,
623 1203 744 1257 manebo.
762 1204 795 1216 ’“”
1063 1207 1064 1264 3

87 1279 162 1353 vena
178 1278 257 1332 uites
274 1279 313 1332 ue
348 1295 374 1332 m
393 1279 482 1332 naum
500 1279 598 1332 creua
614 1280 749 1348 palustres
782 1249 801 1312 s‘
814 1287 825 1333 ι
853 1291 857 1320 ⁵
883 1300 890 1338 r
916 1281 926 1346 J
947 1315 974 1343 .·
1063 1277 1064 1280 ‘

5 1389 43 1422 e„
86 1356 168 1406 luter
186 1353 340 1407 Minturnas
427 1370 605 1423 essanumquo
624 1354 774 1408 Petrinum.
922 1370 935 1408 t

5 1445 12 1456 ⁸
85 1430 116 1482 Si
135 1429 233 1482 melius
251 1429 318 1497 quid
335 1429 420 1482 habes
438 1446 544 1483 arcesse
561 1429 605 1482 vel
622 1429 766 1497 imperium
782 1429 830 1482 ser.

85 1503 258 1557 Jamdudum
276 1504 402 1572 splendet
419 1505 494 1558 focus
512 1508 542 1557 et
559 1503 611 1556 tibi
628 1503 730 1557 munda
747 1504 875 1571 supellex.

86 1579 171 1631 Mitte
188 1579 262 1632 leues
279 1595 343 1648 spes
360 1582 390 1632 ot
407 1579 555 1634 certamina
572 1577 728 1632 divitiarum
832 1565 842 1586 ⁶

86 1654 125 1707 Et
143 1653 248 1708 Moschi
266 1671 386 1708 censam:
405 1672 464 1709 cras
481 1658 546 1708 nato
564 1655 678 1709 (laesere
695 1656 781 1710 festus

6 1765 7 1800 3
86 1728 145 1782 Dat
162 1729 268 1783 venium
286 1746 464 1798 somnumque
483 1730 557 1795 dics;
574 1730 683 1798 impune
701 1730 797 1784 licebit
914 1746 935 1786 lu

6 1803 8 1858 l
86 1804 236 1858 Aestivam
250 1822 374 1860 sermone
391 1793 508 1874 benigiro
525 1804 639 1858 tendere
655 1809 770 1860 noctem.

86 1878 148 1941 Quo
166 1879 233 1932 milri
250 1880 386 1934 fortunam
404 1881 426 1934 si
444 1898 498 1934 non
515 1880 672 1934 conceditur
687 1881 748 1934 utii

6 1961 20 1990 ·'
86 1953 191 2007 Parcus
208 1954 244 2007 ob
261 1955 370 2010 heredis
387 1972 480 2010 curam
497 1956 663 2023 nimiumque
681 1971 790 2010 severus

85 2028 203 2084 Assidet
219 2029 327 2084 insano:
345 2035 440 2100 potare
457 2035 487 2085 et
504 2031 632 2100 'spargere
650 2031 729 2084 fleres

7 2103 11 2162 ε’
86 2104 228 2173 Incipiam,
243 2106 387 2174 patiarque
404 2106 447 2159 vel
463 2107 629 2173 inconsultus
646 2107 748 2161 haberi.
915 2115 938 2154 1⁵

7 2229 8 2250 ἶ
86 2179 162 2244 Quid
179 2196 233 2233 non
251 2170 369 2234 &rietus
387 2181 531 2249 designati
568 2183 670 2250 Opertu
686 2182 812 2250 recludit,

85 2255 156 2323 Spes
169 2255 252 2322 jubet
269 2271 330 2310 esso
346 2260 427 2322 ratas,
445 2257 481 2310 ad
498 2257 601 2326 proelia
617 2257 706 2312 trudit
723 2259 853 2324 incrtenr3

85 2331 216 2384 Sollicitis
233 2332 330 2386 animis
347 2349 415 2385 onus
433 2333 536 2398 eximit,
554 2333 670 2386 addecet
687 2337 767 2386 artes.

86 2405 212 2460 Fectmdi
229 2407 325 2462 culices
343 2424 424 2476 quem
442 2424 497 2460 non
514 2409 603 2461 fecere
622 2407 767 2461 disertum?

87 2481 237 2536 Contracta
254 2499 336 2551 quem
353 2500 407 2542 non
424 2483 452 2536 in
470 2485 630 2554 paupertate
648 2482 784 2537 solutuml
878 2517 881 2522 ·
912 2500 935 2539 ‘so

8 2565 11 2576 ¹
87 2556 166 2610 llaec
183 2573 235 2625 ego
251 2575 397 2626 procurare
415 2562 445 2612 et
462 2558 577 2612 idoneus
594 2559 712 2626 imperor
729 2563 758 2612 et
774 2574 827 2612 non

86 2633 203 2699 Invitus,
221 2649 256 2687 ne
273 2637 354 2702 turpe
372 2633 447 2698 toral,
465 2650 499 2688 ne
518 2633 628 2686 sordida
645 2649 743 2702 mappa

86 2707 223 2776 Gonuget
239 2725 327 2776 nares,
345 2725 380 2762 ne
397 2725 451 2762 non
469 2713 498 2763 et
515 2708 659 2762 cantharus
676 2713 706 2762 et
722 2708 785 2762 lanx

87 2781 225 2840 Ostendat
242 2785 295 2838 tibi
312 2788 348 2851 te,
367 2802 402 2838 ne
420 2784 490 2837 fidos
506 2785 579 2838 inter
595 2784 695 2838 amieos

87 2859 132 2912 Sit
149 2858 196 2926 qui
214 2859 288 2913 dicta
307 2861 377 2914 foras
395 2860 525 2926 eliminet,
543 2861 575 2912 ut
592 2862 669 2914 octat
685 2876 735 2928 per
910 2873 934 2915 cs

87 2935 281 3004 iungaturque
297 2933 364 3004 pari.
399 2935 513 2988 Butram
530 2934 582 2988 tibi
601 2935 808 3002 Septiciumque,

10 3061 11 3068 ,
88 3010 127 3062 ut
142 3009 194 3063 nisi
213 3027 295 3064 coena
311 3011 386 3078 prior
402 3011 546 3078 potiorque
562 3010 653 3077 puella
671 3010 799 3064 Sabinum

10 3077 11 3108 ³
88 3085 209 3156 Detinet,
227 3101 376 3149 assumtum
393 3085 467 3137 loeus
485 3089 528 3138 est
545 3089 574 3138 et
591 3084 714 3152 pluribus
727 3085 848 3140 umbris:

66 3159 144 3214 .Sed
161 3159 242 3214 nimis
258 3163 319 3214 urta
336 3164 464 3228 premunt
481 3159 569 3212 olidae
586 3161 705 3212 convivit
722 3177 828 3238 capsae.
