2126 3410
124 147 169 196 llo
247 209 252 218 Ι
393 145 547 196 HORATII
563 142 692 193 FLACOI

122 221 281 278 Transvolat
297 224 326 278 iu
342 224 432 278 medio
448 225 538 293 posita
554 226 583 277 et
599 221 731 289 fugientia
747 222 861 292 cuptet”
973 227 977 232 '
1056 267 1058 276 Α

123 295 235 352 Hiseine
252 299 390 352 versiculis
408 314 501 367 speras
518 297 569 352 tibi
586 307 665 364 posse
682 295 789 351 dolores

123 372 218 440 Atque
235 376 327 426 aestus
344 389 477 441 curasque
494 387 590 439 graves
607 385 623 424 e
639 373 750 439 pectore
767 372 851 440 pellit
934 389 975 432 iio.

122 445 221 500 Nonne
239 447 409 514 cupidinibus
427 449 531 501 statuat
547 448 646 499 natura
661 444 773 499 modum
791 462 878 516 quem,

123 520 196 584 Quid
213 522 302 574 latura
319 521 370 574 sibi
388 521 455 590 quid
472 521 509 574 sit
525 520 644 574 dolitura
660 524 796 588 uegetum,
873 565 877 570 .

124 595 260 659 Quaerere
278 596 338 664 plus
355 595 467 664 prodest
484 599 515 650 et
530 595 611 650 inane
628 594 788 649 abscindere
806 595 900 652 soldol

123 669 150 724 N
151 685 197 723 um
214 670 266 724 tibi
283 687 345 726 oum
361 670 452 724 fauces
469 671 525 724 urit
542 671 603 725 sitis
619 687 701 725 aurea
717 671 825 739 quaeris

124 744 239 798 Poculul
257 761 321 798 num
339 745 460 799 esuriens
477 746 584 800 fastidis
601 745 816 814 omnia'praeber
936 762 972 804 ns

24 849 30 860 ·
124 817 259 872 Pavonem
267 819 475 888 rhombumque?
493 820 937 887 Tumeuttibiouminguina,uum
945 823 970 875 si

124 893 232 948 Ancilla
248 898 296 946 aut
313 908 397 948 verne
413 898 455 948 est
472 899 582 963 praesto
599 911 667 964 puer
684 895 802 963 impetus
820 895 848 947 in
866 911 950 962 quem

124 968 258 1022 Continuo
277 970 325 1022 fiut
343 969 420 1022 melis
437 969 571 1036 tentigine
588 968 695 1036 rumpit

124 1035 186 1088 Non
204 1052 269 1103 ego:
287 1053 403 1104 namque
420 1036 569 1105 parabilem
584 1053 645 1090 amo
660 1052 787 1090 venerem
800 1035 970 1106 facilemque,

124 1109 211 1176 Illam,
225 1110 312 1164 “Post
329 1111 430 1177 paule,”
446 1111 525 1165 “Sed
541 1111 648 1178 pluris‚”
663 1110 713 1164 “Si
731 1110 831 1164 exierit
849 1111 970 1178 vir,”,1ao

124 1185 216 1251 Gallis,
233 1184 303 1238 huuc
321 1184 495 1238 Philodemus
512 1185 552 1238 ait
569 1184 620 1238 sibi
638 1201 708 1253 quae
726 1201 816 1253 neque
833 1201 933 1253 magno

124 1259 187 1313 Stet
203 1261 292 1328 pretio
308 1275 397 1327 neque
414 1263 557 1314 cunctetur
572 1275 634 1312 cum
651 1262 695 1314 est
708 1259 786 1326 jussa
800 1261 900 1314 venire.

124 1334 247 1387 Candida
263 1338 393 1402 rectoque
410 1334 461 1399 sit;
478 1334 580 1388 munda
595 1334 726 1388 hacteuus
738 1337 771 1386 ut
784 1349 873 1402 neque
887 1334 971 1403 longo.

124 1408 150 1461 N
152 1425 183 1462 ec
199 1409 285 1475 iungis
302 1408 365 1462 olba
382 1408 449 1462 velit
466 1425 548 1477 quam
565 1409 615 1462 dat
631 1411 730 1462 nutura
746 1407 841 1462 videri

125 1483 202 1536 Haeo
218 1483 264 1536 ubi
283 1483 424 1551 supposuit
442 1482 540 1536 dextro
556 1499 655 1551 corpus
672 1482 739 1536 mihi
756 1481 877 1536 leevum‘
935 1498 970 1538 125
1057 1503 1058 1536 3

125 1557 177 1611 Ilia
193 1561 223 1611 et
240 1557 339 1625 Egeria
356 1560 414 1611 est:
432 1557 468 1610 do
485 1573 583 1610 nomeu
600 1555 742 1625 quodlibet
759 1556 811 1625 illi,·

124 1633 150 1685 N
152 1648 182 1686 ec
198 1649 294 1686 vereor
310 1648 345 1690 ue
362 1631 428 1684 dum
444 1631 521 1684 intuo
538 1631 580 1684 vir
596 1647 661 1685 rure
679 1635 824 1698 recurrat„

123 1707 143 1759 J
145 1723 214 1760 anua
231 1707 378 1774 frangetur,
396 1706 482 1759 latret.
495 1706 576 1774 cenis,
594 1705 717 1774 undique
734 1721 832 1773 magno

124 1780 207 1836 Pulsa
223 1781 320 1835 domus
338 1781 456 1848 strepitu
473 1783 590 1847 resonet,
608 1779 744 1848 vepallida
760 1780 832 1834 lecto

124 1854 240 1910 Desiliat
256 1856 361 1922 mulier,
378 1855 504 1908 miseram
521 1871 551 1908 se
568 1856 674 1909 conscia
690 1855 795 1922 clamet,
936 1872 971 1914 m

125 1931 256 1985 Omnibus
273 1931 340 1984 haec
357 1932 468 1996 metuat,
487 1929 545 1983 doti
563 1929 704 1998 deprensa,
721 1933 830 1998 egomet
847 1932 893 1984 mi.
991 1975 995 1982 .

125 2005 264 2059 Disoiuota
280 2005 373 2058 tunica
388 2003 548 2071 fugiendum
565 2009 608 2058 est
624 2021 656 2058 ac
672 2004 743 2072 pede
760 2005 841 2071 nudo,

125 2082 169 2134 Ne
186 2080 288 2140 nummi
305 2081 418 2146 pereant
435 2081 483 2132 aut
499 2095 572 2146 puga
589 2081 637 2132 aut
655 2079 772 2147 denique
788 2080 867 2133 fama

125 2154 266 2224 Deprendi
282 2154 416 2226 miserum!
429 2155 491 2218 est;
509 2153 594 2206 Fabio
611 2153 653 2208 val
666 2152 761 2222 judice
778 2154 890 2209 vulcam.

520 2295 575 2348 Ill.

126 2377 256 2430 Onmous
273 2375 324 2430 hoc
342 2376 437 2430 vitium
457 2382 498 2437 est
516 2376 676 2443 (territoribus,
695 2376 768 2430 inter
785 2376 885 2430 amieos

125 2453 166 2506 Ut
182 2468 320 2519 nunquam
337 2451 603 2504 inducantanimum
621 2455 731 2506 cantare
749 2452 845 2518 rogati,

126 2527 227 2595 Injussi
244 2541 382 2593 nunquam
399 2525 540 2580 desistant
575 2525 678 2580 Sardus
695 2526 815 2580 habebut

126 2601 178 2656 Ille
195 2600 324 2668 Tigellius
340 2599 406 2653 hoo:
423 2599 530 2667 Caesar,
548 2600 595 2668 qui
612 2615 709 2668 eogere
726 2604 826 2668 posset,

126 2676 155 2730 si
171 2678 280 2744 peteret
296 2690 346 2742 per
362 2673 509 2728 amicitiam
524 2675 611 2743 patris
628 2678 712 2743 atque
729 2691 806 2728 suam
823 2690 876 2728 uon
955 2695 969 2734 s

126 2750 281 2818 Quidquam
298 2748 459 2817 proliceret3
476 2748 500 2803 si
516 2747 681 2802 collibuisset
697 2748 733 2802 ab
749 2766 800 2804 ovo

125 2826 221 2892 Usque
238 2823 274 2876 ud
290 2823 361 2876 mala
377 2819 482 2889 uitaret,
502 2823 534 2876 Io
551 2822 672 2877 Bacche!
691 2823 772 2876 modo
790 2839 895 2876 summa

126 2899 208 2961 Voce,
225 2897 305 2949 modo
322 2896 372 2950 hac
382 2900 499 2950 resonat
516 2912 585 2964 quae
602 2896 709 2949 chordis
727 2902 858 2965 quattuor
874 2898 937 2953 inm.

127 2971 174 3024 Nil
191 2971 304 3037 aequale
321 2969 422 3022 homini
439 2971 491 3023 fuit
508 2970 565 3034 illi;
582 2985 663 3038 saepe
680 2971 757 3024 volut
774 2973 821 3039 qui

128 3043 264 3097 Currebat
280 3044 386 3109 iugdens
403 3043 515 3107 hostem,
531 3059 662 3110 persaepe
679 3045 754 3098 volut
771 3047 819 3112 qui
952 3062 974 3104 lo

128 3115 246 3170 Juuouis
263 3130 338 3168 sacra
354 3116 439 3169 ferret
448 3137 456 3181 ;
473 3115 593 3170 habebut
609 3132 691 3186 saepo
708 3117 846 3184 ducentoa
878 3181 881 3186 ,
