2126 3410
305 173 510 224 GABMlNUM
527 175 580 226 111.
599 175 637 236 22,
656 176 695 236 23,
714 177 754 226 24.
914 191 942 242 01

478 328 576 386 XXII.

241 411 378 467 Hormou
396 415 487 466 custos
503 428 707 481 nemorumque,
725 412 819 484 Virgo,

243 489 317 552 Quae
334 488 489 542 laborantes
506 492 585 542 utero
602 489 706 557 puellas

243 562 294 617 'lar
310 567 407 615 vocata
424 563 502 615 audis
519 563 671 632 adimisque
688 564 750 634 leto,

275 635 503 704 Diva'triformis‚

195 767 198 772 ,
243 713 391 768 Imminens
408 712 487 766 villae
504 717 552 766 tua
568 714 648 782 pinus
665 719 731 780 esto,

243 787 328 852 Quam
345 805 397 855 per
414 791 523 840 exactos
541 805 591 856 ego
609 789 697 842 laetus
715 805 797 844 annos

242 860 336 916 Verris
353 863 491 930 obliquum
509 863 668 919 meditantis
684 865 769 920 ictum

270 937 406 1005 Sanguine
423 937 528 991 donem

242 1158 335 1214 (launo
352 1160 461 1228 supinas
479 1161 502 1214 si
519 1161 615 1214 tuleris
632 1176 727 1216 manus

241 1233 377 1292 Nascente
394 1235 597 1303 Luna,n1stioa
616 1235 737 1305 Phidyle,

274 1311 304 1366 Si
322 1311 403 1365 thure
420 1312 534 1380 placaris
552 1311 685 1365 othonna

309 1386 399 1454 Fruge
418 1386 501 1440 Lares
519 1386 653 1455 avidaque
670 1401 759 1454 porea,

240 1460 267 1514 N
269 1476 299 1514 eo
315 1462 489 1529 pestilentem
507 1461 609 1515 sentiet
627 1461 752 1514 Africum

241 1535 369 1591 Fecunda
387 1536 450 1590 vitis
467 1553 517 1590 nec
535 1537 655 1589 sterilem
672 1551 751 1604 seges

275 1611 435 1679 Robiginem
452 1615 501 1665 aut
518 1612 611 1665 dulces
627 1611 729 1664 alumni

309 1687 444 1740 Pomifero
460 1703 544 1754 grave
562 1691 670 1755 tempus
687 1701 764 1740 anno.

240 1760 311 1815 Nam
329 1777 399 1830 quae
417 1762 499 1815 nivali
517 1763 637 1830 pascitur
656 1762 759 1829 Algido

241 1835 347 1890 Devota
364 1853 479 1904 quercus
496 1837 569 1890 inter
586 1840 615 1891 et
631 1837 706 1890 ilices

275 1915 335 1966 Aut
352 1912 451 1966 crescit
470 1912 585 1966 Albanis
601 1912 630 1964 in
647 1911 741 1966 herbis

309 1988 429 2042 Victima
446 1988 604 2056 pontificum
622 2001 731 2041 secures

241 2062 353 2116 Oervios
370 2064 475 2131 tinget:
494 2067 523 2116 te
540 2063 607 2116 nihil
624 2063 725 2116 attinet

194 2181 199 2194 .
241 2137 358 2192 Tentare
375 2139 462 2192 multa
478 2139 562 2192 caede
579 2138 732 2192 bidentium

276 2213 378 2266 Parvos
394 2217 567 2267 coronantem
584 2213 688 2266 marino

259 2296 262 2316 ²
309 2288 382 2341 Rore
399 2288 466 2342 deos
482 2288 626 2356 fragilique
644 2290 739 2356 myrto.

243 2361 375 2416 Immanis
391 2379 467 2416 aram
485 2363 508 2416 si
525 2363 618 2430 tetigit
634 2379 738 2429 manus,

242 2437 269 2493 N
271 2455 305 2490 on
323 2443 481 2506 sumptuosa
497 2438 622 2491 blandior
639 2437 728 2492 hostia

277 2513 394 2568 Mollivit
411 2530 520 2566 aversos
539 2514 656 2567 Penates

309 2587 394 2642 Farre
411 2589 456 2657 pio
474 2593 503 2642 et
520 2589 633 2642 saliente
650 2589 726 2642 mioa

481 2728 586 2784 XXIV.

244 2809 371 2866 macnus
389 2809 543 2879 opulentior

275 2886 418 2938 thesauris
437 2885 561 2937 Arabum
579 2887 608 2937 et
625 2881 718 2936 divitis
736 2880 834 2936 Indiae
852 2931 854 2935 .

242 2959 398 3015 anmentis
415 2959 479 3012 licet
496 2973 611 3026 occupes

276 3035 446 3102 Tyrrhenum
463 3049 543 3085 omne
559 3033 615 3084 tuis
632 3035 752 3085 otmaro
771 3032 925 3099 Apuliam,

241 3108 271 3165 Si
289 3109 350 3180 figit
367 3106 555 3162 adamantinos
936 3115 949 3154 s
985 3119 990 3128 ·

276 3183 394 3239 Sunrrnis
412 3177 559 3233 verticibus
577 3177 636 3230 dira
655 3177 808 3231 Necessitas
