2144 3420
105 151 153 198 202
253 183 255 186 -
376 147 530 198 HORATII
548 147 569 194 F
572 148 678 197 Laccl

103 229 133 281 Si
150 227 268 282 dicentis
285 230 366 281 erunt
384 226 501 281 fortunis
520 226 623 280 absona
640 221 714 282 dieta

102 303 218 357 Romani
236 302 334 356 tollent
353 302 461 371 equites
478 303 642 371 peditesque
659 302 826 358 cachinnum.

103 378 237 432 Intererit
253 377 370 439 multum
389 377 503 432 divinae
519 377 648 445 loquatur
664 393 700 431 an
718 375 807 444 heros,

102 453 265 524 Matnrnsne
283 469 366 507 senex
383 469 418 506 an
436 449 527 508 adhuc
543 452 659 508 florente
672 446 790 520 juventa
923 467 961 508 ris

104 527 246 595 Fervidus,
264 531 294 582 et
311 530 435 582 matrona
451 531 550 596 petens
567 542 602 582 an
619 527 715 582 sedula
730 526 832 592 nutrix,

104 603 278 658 Mercatorne
296 619 379 670 vagus
397 603 521 658 cultorne
537 601 758 670 virentis'agclli,

105 679 222 732 Colchus
240 695 274 733 an
293 675 428 746 Assyrius,
447 679 547 734 Thebis
564 677 686 732 nutritus
704 693 739 731 en
758 677 849 745 Argis.

105 756 166 808 Aut
181 755 281 823 famam
299 769 413 822 sequere
430 757 479 808 eut
496 753 549 806 sibi
566 751 753 808 convenientia
770 753 849 820 finge.

105 828 227 898 Scripter
243 829 404 882 honoratum
422 829 446 882 si
463 829 534 882 ferte
551 828 659 896 reponis
678 827 822 896 Achillem,
934 869 946 880 .

106 903 235 974 Impiger,
252 903 404 972 iracundus,
422 902 603 970 inexorabilis,
621 919 692 971 acer,

105 979 124 1030 J
126 997 176 1033 ura
192 983 275 1048 neget
292 979 344 1034 sibi
360 984 433 1046 nata,
450 979 519 1034 nihil
536 995 589 1032 nen
606 981 717 1046 arroget
733 978 823 1032 armis.

106 1055 149 1108 Sit
167 1055 266 1108 Medea
283 1056 360 1110 fcrex
377 1055 539 1123 invictaque,
557 1052 655 1108 flebilis
674 1054 732 1121 Ine,
774 1111 776 1118 ,

108 1129 232 1184 Perfidus
251 1131 338 1197 Ision,
356 1131 389 1184 Io
406 1147 481 1197 saga,
498 1128 588 1184 tristis
606 1129 726 1183 Orestes.

106 1205 136 1256 ni
153 1205 219 1272 quid
235 1206 408 1272 inexpertum
426 1221 522 1258 scenae
539 1204 686 1259 committis
703 1208 733 1259 et
749 1204 835 1258 audes

107 1279 253 1333 Personam
270 1280 387 1332 formare
404 1291 508 1346 novam,
527 1283 652 1334 servetur
669 1279 705 1334 ad
722 1280 807 1332 imum
855 1325 858 1330 ,

107 1353 199 1416 Qualis
216 1355 251 1407 ab
269 1354 378 1422 incepto
394 1354 564 1422 processerit,
582 1358 612 1409 et
629 1355 681 1408 sibi
698 1357 812 1409 constet

108 1429 221 1484 Difficile
238 1433 281 1484 est
297 1429 407 1498 proprie
425 1430 578 1483 communia
595 1429 701 1494 dicere;
718 1433 804 1497 tuque

107 1504 219 1559 Rectius
238 1505 352 1558 Iliacum
369 1521 477 1559 cannen
495 1505 608 1559 deducis
625 1504 655 1557 in
671 1507 757 1570 actus,
904 1569 911 1577 ι

107 1579 197 1650 Quam
211 1581 235 1634 si
252 1581 389 1650 proferres
406 1582 499 1647 ignota
516 1580 675 1648 indictoque
691 1579 821 1647 primus·

107 1655 218 1709 Publica
235 1657 364 1710 materies
381 1656 481 1724 privati
494 1655 567 1722 juris
585 1655 645 1721 erit,
663 1654 687 1709 si

107 1729 133 1782 N
134 1747 169 1783 on
187 1732 257 1784 circa
273 1731 356 1785 vilem
373 1731 551 1798 patulumque
567 1729 716 1784 moraberis
734 1729 835 1798 orbem,
913 1739 916 1742 '

107 1805 133 1858 N
135 1821 165 1858 cc
182 1806 265 1860 verbo
282 1806 395 1860 verbum
413 1805 521 1858 carabis
538 1804 657 1858 reddere
674 1805 746 1858 fidus

107 1880 254 1949 Interpres,
272 1897 322 1935 nec
341 1880 451 1934 desilies
468 1880 589 1934 inritator
606 1880 635 1932 in
653 1883 758 1934 arctum

106 1955 187 2009 Unde
204 1957 302 2023 pedem
319 1957 441 2024 profem-e
458 1955 548 2024 pudor
564 1957 640 2010 vetet
658 1958 706 2010 ant
723 1955 813 2023 operis
830 1953 885 2008 lex.
917 1969 956 2012 1³⁵
1069 1975 1070 1980 ¹

107 2030 132 2081 N
135 2046 165 2082 ec
182 2031 221 2084 sio
237 2031 349 2097 incipies
367 2034 399 2083 nt
417 2031 534 2098 scriptor
551 2029 665 2098 cyclicus
683 2029 760 2082 elim:

106 2105 274 2158 “Fortunam
293 2104 395 2156 Priami
413 2105 527 2158 cantabo
544 2109 574 2158 ct
591 2104 681 2158 nobile
698 2104 824 2158 bellum.’'

107 2179 179 2242 Quid
197 2179 308 2246 dignum
326 2180 403 2231 tanto
420 2179 491 2231 feret
508 2179 552 2232 hic
569 2179 716 2247 promissor
733 2178 827 2233 hiatui

107 2253 267 2310 Parturiunt
283 2251 404 2319 montes,'
415 2257 544 2307 nascetur
561 2254 691 2307 ridiculus
708 2270 776 2308 mus.

106 2330 214 2396 Quanto
230 2330 337 2383 rectius
349 2328 393 2382 hic
411 2329 458 2396 qui
475 2329 513 2382 nil
531 2328 643 2382 molitur
660 2329 768 2398 inepte:
919 2345 956 2392 rra
1067 2337 1068 2382 i

106 2405 178 2459 “Dic
194 2405 268 2472 mihi,
287 2405 374 2469 Musa,
391 2405 479 2457 virum
497 2407 591 2472 captae
609 2407 672 2472 pest
689 2408 814 2474 tempere
831 2405 930 2480 ijae

106 2479 159 2544 eui
176 2497 265 2534 mores
283 2479 423 2533 hominnm
439 2478 587 2532 multorum
605 2479 675 2533 vidit
695 2482 725 2533 et
742 2479 847 2536 urbes.''

104 2555 169 2609 lilon
185 2556 289 2610 fumum
307 2571 342 2608 ex
358 2555 463 2622 fulgere
481 2553 531 2608 scd
548 2570 583 2608 cx
600 2554 675 2608 fumo
693 2555 761 2611 dare
778 2557 864 2612 lucem

106 2630 223 2698 Cogitet,
240 2633 272 2692 ut
290 2629 411 2698 speciosa
428 2628 527 2682 dehinc
544 2629 675 2684 miracula
691 2635 807 2700 premet,

105 2705 277 2772 Antiphaten
289 2703 458 2773 Scyllamque
470 2707 572 2758 etcum
584 2703 700 2774 Cyclope
712 2705 876 2774 Charybdin.
917 2721 955 2766 irs

105 2778 132 2831 N
133 2795 164 2832 ec
181 2778 300 2831 reditum
318 2779 459 2832 Diomedis
476 2779 511 2833 ab
529 2779 643 2834 interitu
660 2781 799 2848 Meleagri,

104 2853 164 2906 Nec
180 2853 287 2919 gemino
305 2852 406 2906 bellum
425 2854 571 2921 Trojannm
588 2855 696 2907 orditur
712 2853 748 2906 ab
766 2869 831 2920 0v03

104 2925 273 2994 Semper-ad
290 2931 418 2982 eventum
435 2929 548 2980 festinat
566 2931 595 2980 et
613 2928 641 2980 in
659 2929 764 2982 medies
783 2946 828 2983 res

104 2998 168 3050 Non
185 3015 262 3051 secus
279 3015 311 3054 ac
327 3005 405 3054 notas
423 3002 574 3054 auditorem
592 3002 671 3070 rapit,
689 3006 718 3056 et
735 3019 806 3072 qnae
1002 3061 1009 3068 ,

105 3070 241 3137 Desperat
259 3079 376 3127 tractata
393 3074 527 3126 nitescere
543 3090 623 3144 posse
642 3076 785 3145 relinquit;
880 3105 886 3114 ·
917 3095 955 3140 ise

105 3144 200 3209 Atque
218 3145 258 3196 ita
274 3147 413 3210 mentitur,
429 3146 469 3198 sic
487 3147 559 3202 veris
575 3148 644 3202 feisa
661 3153 794 3220 remiscot,
