2116 3424
128 159 160 205 Ἡ
404 158 558 212 HORA'I'II
576 159 705 211 FLAOOI

302 241 448 296 (lonsultus
465 257 534 308 erro,
551 257 622 294 nunc
640 244 791 298 retrorsum
1044 265 1045 306 l

327 314 406 370 'Vela
423 317 489 370 dare
506 319 589 384 atque
605 315 706 371 iterare
721 329 818 370 cursus
1044 307 1045 384 l

268 391 357 461 cogor
373 393 498 448 relictos:
515 408 633 461 namque
650 389 794 462 Diespiter.
969 413 983 454 s

268 467 332 537 lgni
349 485 459 523 corusco
476 467 569 522 nubila
587 467 712 523 dividens
808 483 814 490 ·
1044 491 1045 496 ¹

303 545 474 616 Plerumque,
492 561 657 615 perpurum
675 550 802 600 tonantes

337 621 403 690 llglt
420 638 503 691 equos
520 621 711 691 volucremque
729 640 844 692 crrmnn,

269 695 329 762 Quo
346 697 428 750 bruta
445 695 526 750 tellus
544 701 573 751 et
590 713 658 765 vaga
676 698 794 765 flumina
891 695 895 702 ’

269 772 330 837 Quo
347 772 414 840 Styx
433 775 461 826 et
478 772 557 825 invisi
575 771 685 826 horrida
703 773 816 827 Taenari

304 847 389 902 Sedes
409 848 609 915 Atlanteusque
627 848 689 902 finis

338 923 505 977 Concutitur.
540 923 623 976 Valet
639 923 694 976 ima
712 923 822 978 summis

270 997 380 1052 Mutare
397 1003 427 1051 et
442 999 575 1066 insignem
594 1001 718 1052 attenuat
735 1000 803 1052 deus

271 1072 394 1126 Obscura
409 1090 555 1142 promens;
572 1073 634 1127 binc
652 1073 754 1142 apicem
772 1090 856 1144 rapax

305 1147 426 1202 Fortuna
443 1155 504 1202 cum
522 1148 639 1202 stridore
657 1152 736 1202 acuto

340 1222 463 1292 Sustulit,
480 1223 525 1278 hio
541 1223 663 1292 posr1isse
680 1223 789 1291 gaudet

201 1493 204 1498 .
272 1447 296 1502 O
313 1465 389 1516 arvi,
406 1449 516 1516 gratnm
533 1463 603 1516 quae
620 1445 693 1514 regis
711 1445 833 1515 Antium,

272 1523 405 1578 Praesens
422 1523 465 1577 rel
481 1523 536 1575 imo
553 1522 650 1576 tollere
668 1522 703 1575 de
720 1522 808 1590 gradu

305 1599 423 1654 Mortale
440 1613 536 1666 corpus
553 1597 596 1650 vel
615 1596 746 1666 superbos

340 1675 457 1729 Vertere
473 1672 614 1726 funeribus
631 1671 791 1740 triumphos,

272 1749 315 1804 fe·
326 1765 430 1818 pauper
447 1749 534 1803 ambit
552 1747 666 1802 sollicita
685 1763 765 1816 prece

273 1825 356 1878 Ruris
373 1825 489 1894 colonus,
506 1827 535 1878 te
553 1823 690 1876 dorninam
707 1821 831 1902 aequoris

307 1899 466 1969 Quicunque
484 1899 602 1966 Bithyna
618 1897 728 1951 lacessit

239 2014 242 2019 -
342 1974 518 2042 Carpathium
534 1973 646 2042 pelagus
664 1973 762 2026 carina.

249 2051 253 2058 ’
273 2049 312 2104 'fe
329 2049 419 2103 Dacus
437 2065 523 2116 asper,
542 2051 571 2103 te
588 2047 695 2116 profugi
714 2047 828 2114 Scythae

273 2123 418 2193 Urbesque
434 2129 584 2192 gentesque
602 2125 631 2176 et
649 2122 758 2176 Latium
774 2123 852 2174 ferox
967 2139 993 2180 ro
1044 2107 1045 2110 Ἴ

307 2199 468 2268 Regumqne
484 2202 586 2252 matres
603 2195 781 2250 barbarorum
798 2200 828 2250 et
1044 2193 1045 2198 ’

342 2273 475 2343 Purpurei
492 2276 619 2328 metuunt
636 2272 750 2340 tyranni,

217 2401 218 2404 ,
275 2349 409 2418 Injuricso
426 2365 462 2403 ne
478 2349 549 2418 pede
566 2363 680 2416 proruas

274 2426 399 2481 Stantem
416 2425 575 2492 columnam,
593 2439 647 2476 neu
664 2421 779 2490 populus
796 2422 925 2490 frequens

308 2501 356 2555 Ad
372 2517 448 2554 arma
464 2503 607 2566 cessantes,
626 2498 663 2552 ad
680 2514 756 2550 arma

342 2575 467 2630 Concitet
482 2575 680 2643 imperiumque
697 2573 811 2640 frangat

273 2652 311 2708 'fe
329 2667 437 2720 semper
454 2650 541 2704 anteit
559 2666 638 2703 saeva
657 2649 813 2702 Necessitas
850 2687 858 2702 .

273 2727 370 2784 (llavos
387 2725 506 2780 trabales
524 2728 553 2779 et
570 2741 668 2778 cuneos
685 2739 768 2776 manu

307 2803 426 2858 (lestans
443 2805 519 2869 aina,
536 2817 586 2854 nec
604 2815 714 2854 severus

341 2878 435 2932 Uncus
451 2876 530 2930 abest
546 2876 735 2944 liquidumque
751 2872 900 2942 plumbum.
963 2887 992 2932 re

273 2951 314 3005 'le
330 2951 399 3019 Spes
416 2954 446 3004 et
464 2951 525 3004 albo
542 2967 605 3003 rara
624 2949 707 3002 Ilides
725 2949 790 3002 colit

276 3024 375 3080 Velata
391 3040 480 3090 panno
498 3041 548 3078 nec
565 3023 691 3077 comitem
710 3023 833 3090 abnegat

310 3096 457 3163 Utcunque
475 3101 581 3150 mutata
598 3101 724 3167 potentes

345 3169 432 3223 Veste
450 3167 670 3238 domcsinimica
685 3171 793 3240 linquis.
891 3233 896 3242 ¹
