2116 3424
421 143 573 194 HORATII
590 142 720 192 annom

247 225 306 280 Nos
323 225 451 291 convivia,
469 239 519 276 nos
538 223 640 291 proelia
656 223 786 291 virginum

248 299 336 355 Sectis
353 299 381 352 in
395 298 512 366 juvenes
529 298 667 366 unguibus
684 299 786 352 aerium

249 373 397 430 cantamm
415 373 499 441 vacui,
517 373 575 427 sive
592 373 660 441 quid
676 372 781 428 urimur

283 449 346 504 Mon
362 451 474 518 praeter
490 448 601 503 solitum
618 448 697 506 leves

147 748 328 802 Leonnnunr
344 745 391 802 alii
408 745 509 801 claram
528 746 644 800 Rhodon
662 749 711 801 aut
728 746 876 816 Mitylenen

183 825 243 880 Aut
260 823 387 890 Epheson
404 822 550 876 bimarisve
568 821 692 876 Corinthi
928 883 931 890 Ι

148 898 259 952 Moenia
275 897 319 951 vel
338 897 444 952 Baccho
462 896 630 956 Thebasvel
649 895 776 965 Apolline
794 895 914 964 Delphos

184 973 308 1040 Insignes
325 976 374 1026 aut
392 971 521 1026 Thessala
538 971 646 1040 Tempe.

149 1047 219 1104 sont
231 1048 330 1116 quibus
341 1064 426 1101 unum
437 1064 505 1116 opus
517 1050 561 1100 est
572 1047 692 1102 intactae
705 1045 824 1100 Palladis
834 1044 931 1100 urbem
989 1059 1006 1104 t

184 1123 311 1178 Carmine
328 1127 461 1192 perpetuo
479 1122 618 1178 celebrare
635 1127 665 1177 et

148 1199 280 1267 Undique
298 1198 456 1268 decerptam
473 1199 556 1252 fronti
573 1214 741 1268 praeponere
758 1197 864 1252 olivam.

184 1274 322 1328 Plurimus
339 1274 368 1326 iu
385 1273 503 1328 lunonis
519 1273 650 1328 honorem

150 1351 257 1418 Aptum
274 1349 348 1402 dicet
365 1348 442 1417 equis
461 1350 551 1416 Argos
568 1349 695 1418 ditesque
713 1349 849 1417 Mycenas.
1039 1391 1040 1396 ι

184 1425 232 1478 Me
249 1440 299 1478 nec
316 1427 373 1478 tam
390 1423 497 1492 patiens
515 1423 701 1478 lacedaemon
979 1438 1005 1480 ιο
1039 1453 1040 1474 ι

150 1501 211 1555 Nec
227 1503 285 1554 tam
303 1499 428 1554 Larissae
445 1499 581 1568 percussit
596 1515 709 1568 ¹campus
726 1499 840 1569 opimae,

185 1575 272 1640 Quam
290 1575 386 1629 domus
405 1573 547 1628 Albuneae
563 1575 717 1628 resonantis

151 1651 188 1708 Et
204 1667 333 1720 praeceps
352 1649 424 1704 Anio
441 1665 473 1703 ac
491 1649 604 1702 Tiburni
620 1649 697 1704 lucus
714 1652 743 1703 et
759 1647 816 1704 uda

185 1726 333 1780 Mobilibus
350 1725 473 1794 pomaria
489 1725 562 1778 rivis.

152 1802 241 1858 Albus
257 1807 290 1855 ut
307 1801 420 1854 obscuro
438 1800 566 1867 deterget
583 1799 677 1854 nubila
694 1798 787 1854 caelo¹
976 1813 1002 1854 rs

186 1877 274 1946 Saepe
291 1877 381 1930 Notus
398 1891 488 1944 neque
506 1875 626 1944 parturit
643 1875 744 1929 imbres

152 1953 295 2022 Perpetuo,
313 1951 352 2005 sic
368 1954 401 2004 tu
418 1951 525 2018 sapiens
542 1949 621 2004 finire
638 1952 772 2004 memento

187 2028 339 2083 iristitiam
356 2025 483 2095 vitaeque
500 2025 607 2080 labores

152 2105 236 2172 Molli,
256 2103 363 2170 Plance,
381 2117 463 2168 mero,
482 2117 531 2155 seu
548 2105 577 2155 te
594 2101 726 2169 fulgentia
743 2100 825 2170 signis

187 2181 284 2238 castra
301 2181 399 2233 tenent
415 2193 465 2231 seu
482 2177 568 2231 densa
584 2177 690 2230 tenebit
970 2189 996 2228 m
1038 2205 1039 2212 ι

50 2293 104 2351 s
152 2255 260 2386 'liguris
274 2254 381 2383 fulmbrat
391 2253 455 2383 tgm
475 2252 733 2382 'leugacrLSalamina
750 2253 909 2320 patremque

211 2347 257 2384 um
303 2345 368 2398 gere
457 2345 490 2382 en
507 2345 526 2380 u
604 2343 670 2396 paee

153 2407 286 2475 'tempora
303 2403 418 2474 populea
434 2404 523 2458 fertur
540 2403 658 2457 vinxisse
675 2417 779 2472 corona,

188 2482 233 2536 Sic
250 2481 346 2535 tristes
363 2480 461 2534 affatus
477 2479 593 2533 amicos:

145 2530 214 2625 *Quo
230 2573 280 2612 nos
296 2573 403 2626 cunque
420 2556 491 2610 feret
507 2555 604 2609 melior
620 2553 731 2610 fortuna
746 2555 860 2623 parente
975 2567 998 2606 a

189 2635 337 2702 Ibimus‚'o
354 2633 418 2688 socii
435 2632 609 2700 comitesque.

155 2710 202 2764 Mil
220 2709 420 2778 desperandum
438 2707 540 2761 Teucro
558 2707 627 2759 duce
644 2708 675 2760 et
691 2705 800 2774 auspice
818 2703 935 2768 Teucro3

189 2785 288 2840 (lertns
305 2785 377 2838 enirn
395 2782 518 2852 promisit
538 2781 635 2848 Apollo

147 2860 321 2928 '‘Ambiguam
338 2858 437 2912 tellure
455 2873 525 2910 nova
543 2855 678 2910 Salamina
694 2856 821 2910 futuram.

190 2935 214 2988 Ο
232 2936 317 2987 fortes
334 2933 481 3002 pejoraque
499 2932 570 3000 passi
972 2959 993 2996 p

156 3009 265 3066 Mecum
283 3023 363 3074 saepe
380 3008 439 3078 piri,
456 3022 527 3060 nune
546 3007 607 3059 vino
624 3005 718 3074 pellite
736 3020 829 3071 curae,

150 3101 151 3104 ¹
192 3084 259 3140 (lras
276 3081 371 3152 lugens
387 3080 545 3136 iterabimus
562 3081 685 3148 aequmst
774 3097 775 3100 ¹
