2144 3420
366 203 587 252 SATIRARUM'
598 205 635 252 11.
655 207 677 254 3.
901 201 947 252 lla

1 299 2 316 ¹
66 285 158 341 nlud
179 283 265 337 idezn
281 283 308 336 in
326 283 452 351 'rapidiun
470 283 570 338 flumen
585 285 726 352 jaceretve
743 285 878 343 eloacaml

62 355 185 424 'Quinti
208 359 353 427 progenies
372 360 445 427 Arri,
463 361 621 428 pernobile
639 361 762 430 fratrum,

1 479 2 482 ,
66 435 228 503 Nequitia
247 439 276 487 et
292 435 371 502 nugis
389 451 534 502 pravorum
552 441 582 490 et
599 453 691 490 amore
708 437 861 505 gemellum,

1 557 2 562 ,
68 510 236 565 erscinias
256 509 328 563 soliti
346 511 467 578 impenso
485 512 620 580 prandere
638 515 783 580 coemptas,
909 525 946 568 rr}

69 591 233 652 Quorsum
251 584 368 639 aboantl
387 587 468 639 Sanin
486 591 569 654 creta,
586 604 621 642 an
639 587 756 641 carbone
773 588 901 643 notandi?

1 683 2 692 ¹
70 661 255 716 Aedificare
272 677 355 728 casas,
372 661 498 729 plostello
515 663 665 732 adjungere
682 681 781 730 mures,

70 738 206 792 Ludere
222 753 275 805 par
291 737 386 805 impar,
404 738 527 804 equitare
545 739 573 790 in
591 738 724 792 arundine
742 738 829 807 longe,

69 815 106 868 Si
131 829 224 882 quem
243 811 362 866 delectet
380 812 527 884 barbatum
541 814 661 867 amentia
678 811 777 868 verse't.

69 891 107 944 si
131 888 274 958 puerilius
290 887 332 941 his
351 889 420 942 ratio
438 905 498 942 esse
516 890 622 942 evincet
639 906 738 956 amare,
909 904 944 944 sao

69 967 103 1022 N
106 981 145 1020 ec
164 964 321 1033 quidquam
340 964 450 1018 differre
467 969 596 1020 utrunme
614 966 643 1018 in
662 966 774 1033 pulvere
793 965 891 1020 trimus

70 1041 176 1106 Quale
196 1041 274 1108 prius
291 1040 370 1092 ludas
388 1056 462 1108 opus,
481 1057 516 1092 an
534 1041 685 1094 meretricis
703 1057 794 1094 amoro

70 1117 232 1172 Sollicitus
249 1115 348 1184 plores,
367 1132 468 1184 quaero
485 1115 602 1169 faciasne
621 1115 694 1184 quod
713 1115 777 1169 olim

70 1195 220 1247 Mutatus
240 1191 382 1244 Polemoni
399 1203 484 1259 ponas
500 1191 618 1258 insignia
635 1191 731 1258 morbi,

71 1266 238 1334 Fasciolas,
257 1265 365 1332 cubital,
382 1266 485 1332 focalia,
503 1271 585 1334 potus
602 1269 635 1320 ut
652 1266 701 1319 ille
909 1280 943 1320 25³

70 1343 203 1398 Dicitur
220 1358 256 1394 ex
272 1341 341 1395 collo
358 1341 453 1394 furtim
472 1342 605 1410 carpsisse
624 1357 736 1396 coronas

1 1433 2 1440 ¹
71 1419 244 1485 Postquam
262 1420 305 1470 est
321 1417 451 1484 impransi
469 1421 610 1486 correptus
627 1434 692 1471 voce
709 1416 850 1486 magistri?

70 1492 216 1560 Porrigis
233 1491 302 1545 irato
319 1509 405 1560 puero
422 1509 483 1546 cum
500 1509 581 1560 poma
598 1497 718 1548 recusat:

70 1572 182 1636 Sume,
204 1567 313 1621 catello!
333 1571 430 1635 uagam
448 1569 472 1620 si
490 1585 544 1621 non
563 1568 613 1622 des
630 1572 720 1638 optet:
739 1571 845 1622 amator

70 1645 227 1702 Exclusus
245 1643 291 1711 qui
309 1643 395 1697 distat
414 1644 472 1711 agit
489 1643 537 1696 ubi
555 1660 647 1698 seeum
664 1647 710 1698 eat
726 1660 761 1698 an
779 1660 834 1698 non
910 1661 944 1697 mo

70 1723 147 1788 Quo
166 1718 311 1773 reditums
329 1723 389 1772 orat
405 1736 459 1772 non
477 1719 629 1782 arcessitus,
647 1723 677 1773 et
693 1719 789 1773 haeret

1 1837 2 1844 κ
70 1796 195 1853 Invisis
212 1793 329 1848 foribuel
347 1794 384 1847 ‘N
388 1811 418 1848 eo
436 1811 507 1848 nuno
525 1811 586 1847 eum
604 1811 649 1848 me
666 1799 745 1848 vocat
761 1795 834 1849 ultr'o

71 1870 250 1929 Accedam?
268 1886 302 1922 an
320 1869 411 1937 potius
429 1870 547 1923 mediter
565 1869 644 1924 linire
662 1870 786 1924 dolores?

69 1944 232 2009 Exclusit;
250 1949 371 1998 revocat:
390 1945 519 1998 redeaml
555 1943 619 1997 Non
638 1945 661 1998 si
678 1944 816 2000 obsecret'
853 1945 923 2000 Ilcee

1 2071 2 2091 ζ
71 2025 196 2080 Servus
212 2035 266 2072 non
283 2019 363 2088 paulo
381 2020 543 2087 sapientiorr
580 2018 615 2072 ‘0
634 2019 708 2087 here,
727 2037 859 2088 quaeres
890 2020 941 2077 'aas

1 2099 2 2106 ’
71 2102 104 2156 N
107 2115 145 2153 ec
165 2095 282 2150 modum
299 2094 382 2159 babet
399 2112 489 2164 neque
506 2095 646 2148 consilium
663 2095 768 2150 ratione
785 2096 920 2165 modoque

72 2171 217 2232 umeri
233 2187 287 2225 non
304 2171 370 2225 vult.
407 2171 440 2223 In
458 2187 549 2224 amore
567 2170 634 2224 haec
648 2175 712 2226 sunt
728 2172 807 2239 mala,
821 2172 932 2241 bellum,

73 2255 145 2309 Pax
166 2243 292 2302 rursum:
310 2245 376 2299 haec
394 2246 496 2314 siquis
513 2247 685 2313 tempestatis
702 2263 786 2316 prope
804 2247 858 2301 ritu
973 2255 979 2264 '

1 2317 2 2332 ¹
72 2323 208 2384 Mobilis
225 2325 256 2376 et
273 2338 353 2376 caeca
370 2321 505 2374 fluitantia
523 2326 596 2375 sorte
616 2321 723 2376 laboret

73 2401 224 2459 Reddere
242 2401 318 2451 certa
335 2395 393 2462 sibi,
413 2396 496 2448 nihilo
514 2397 576 2464 plus
594 2397 760 2465 explicatae
777 2397 801 2452 si
905 2416 941 2457 aro

73 2476 218 2535 Insauire
235 2475 315 2543 paret
332 2477 408 2525 corta
425 2472 532 2524 ratione
549 2471 698 2539 modoque!

74 2552 171 2621 Quid,
192 2565 254 2602 cum
272 2547 379 2601 Picenis
397 2563 544 2615 excerpens
562 2549 665 2601 semina
681 2547 769 2616 pomis

73 2628 204 2686 Gaudes
215 2623 245 2676 si
263 2639 397 2676 cameram
415 2623 535 2691 percusti
552 2623 631 2688 forto,
649 2640 734 2690 penes
751 2628 780 2678 te
792 2627 838 2681 esl

74 2704 171 2774 Quid,
192 2715 253 2754 cum
270 2697 352 2752 balba
369 2698 435 2751 ieris
452 2713 553 2750 annoso
570 2697 653 2750 verba
670 2699 768 2767 palato,

74 2777 267 2838 Aedificante'
285 2789 361 2826 casas
379 2773 426 2840 qui
444 2773 550 2827 saniori
587 2772 669 2825 Adde
687 2790 809 2828 cruorem
903 2792 938 2832 ru

75 2851 234 2913 Stultitiae
246 2853 330 2916 atque
342 2849 433 2916 ignem
447 2846 538 2916 gladio
550 2851 677 2902 scrutare.
714 2849 805 2916 Modo,
818 2850 936 2922 inquam,

75 2926 211 2987 Hellade
228 2939 356 2992 percussa
373 2922 478 2975 Marius
495 2938 556 2976 cum
573 2923 736 2990 praecipitat
753 2940 782 2977 se
800 2923 803 2929 '

1 3025 2 3030 ¹
76 3003 217 3063 Gemitus
233 2999 294 3066 fuit,
312 3015 347 3052 an
364 3002 514 3052 commotae
532 2996 643 3050 erImine
662 2999 761 3052 mentis

76 3077 227 3138 Absolves
243 3074 381 3127 hominem
398 3077 428 3126 et
445 3073 553 3124 sceleris
572 3072 712 3123 damnabis
730 3073 855 3144 eundem,

75 3159 125 3212 Ex
144 3167 226 3207 more
243 3149 386 3217 imponens
404 3151 517 3214 cognata
535 3145 664 3196 vocabula
681 3145 780 3201 rebusl
900 3164 935 3202 ssa

74 3226 247 3290 Libertinos
265 3228 332 3291 erat,
351 3222 397 3291 qui
415 3222 515 3274 circum
533 3217 650 3284 compita
667 3217 754 3272 siccus
