2126 3410
112 132 158 180 122
390 127 544 176 HORATII
561 127 690 176 FLAGGI

110 209 206 262 Infans
223 221 341 274 namque
358 206 448 273 pudor
465 206 627 274 prohibebat
644 206 723 274 plura
738 205 848 274 profari,

109 283 135 336 N
137 299 173 336 on
190 299 242 350 ego
260 298 303 334 me
322 281 394 334 claro
411 285 505 334 natum
523 286 610 348 patre,
627 298 680 334 non
698 295 748 349 ego
765 281 866 335 circum

109 357 157 411 Me
175 357 338 412 Satureiano
355 356 456 408 vectari
475 373 540 409 rura
557 356 667 423 caballo,

109 431 165 485 Sed
177 431 250 500 quod
264 447 338 484 eram
351 447 439 484 narro,
475 431 633 498 Respondes
644 435 676 485 ut
687 433 751 484 tuus
762 433 805 484 001
816 447 874 484 mos
933 445 959 488 oo

109 507 211 562 Pauca:
233 507 316 571 abeo;
341 509 370 560 et
387 522 496 558 revocas
514 521 584 558 nono
601 509 663 574 post
680 521 772 559 mense
784 505 923 572 jubesque

108 579 176 634 Esse
193 581 222 633 in
240 581 387 634 amicorum
405 596 524 632 numero.
560 580 689 648 Magnum
707 581 758 634 hoc
775 597 825 648 ego
844 581 914 635 duco

108 655 188 719 Quod
206 657 296 724 placui
315 655 365 708 tibi
384 655 431 723 qui
449 655 523 722 turpi
542 656 659 708 secernis
676 655 827 723 honestum,

107 731 133 783 N
136 747 170 784 on
188 736 268 800 patre
286 730 424 798 praeclaro
443 729 493 782 sod
510 729 567 782 vita
584 735 614 784 01
630 734 740 798 pectore
757 747 834 799 puro.

108 807 196 875 Atqui
215 807 238 860 01
256 807 329 860 vitiis
347 804 528 858 mediocribus
546 821 577 858 ac
595 821 655 858 mea
672 807 765 873 paucis
932 820 958 862 os
1000 854 1002 858 .

107 881 242 937 Mendosa
260 887 303 936 est
320 885 418 934 natura
435 879 534 948 alioqui
552 883 634 947 reeta,
652 881 728 934 velut
745 882 767 935 si

107 955 227 1026 Egregio
244 959 380 1026 inspersos
397 955 581 1023 reprehendas
600 971 711 1024 corpore
728 973 842 1022 naevum

108 1032 137 1085 Si
154 1050 245 1100 neque
262 1032 404 1086 avaritiam
422 1047 510 1099 neque
529 1030 623 1084 sordes
641 1035 690 1084 aut
706 1031 777 1084 mala
794 1032 882 1086 lustra

108 1107 227 1176 Objiciet
245 1125 308 1161 vere
326 1107 468 1175 quisquam
486 1106 560 1172 milri,
578 1123 663 1174 purus
680 1109 709 1160 et
726 1107 818 1161 insons

108 1184 158 1250 (Ut
175 1200 220 1237 me
237 1182 395 1247 collaudem)
415 1181 438 1234 si
456 1184 485 1235 et
502 1181 562 1234 vivo
580 1197 659 1234 carus
676 1181 784 1246 amicis3
932 1196 958 1238 10

108 1259 197 1313 Causa
214 1259 267 1312 fuit
284 1257 430 1326 patorhis,
448 1256 495 1324 qui
512 1273 603 1310 macro
620 1273 726 1324 pauper
743 1257 830 1324 agello

107 1335 204 1389 Noluit
221 1335 249 1386 in
269 1333 345 1386 Flavi
362 1331 457 1386 ludum
475 1348 519 1385 me
536 1333 656 1400 mittere,
674 1333 765 1399 magni

108 1409 168 1474 Quo
185 1410 264 1479 pueri
281 1409 385 1476 magnis
403 1424 419 1461 e
437 1407 641 1460 centurionibus
659 1408 719 1476 orti,

108 1485 198 1539 Laevo
216 1484 339 1552 suspensi
357 1482 457 1535 loculos
476 1481 651 1549 tabulamque
668 1477 776 1550 lacerto,

108 1561 191 1615 Ibant
208 1559 480 1632 octonisreferentes
500 1557 596 1610 Idibus
614 1573 710 1626 acra:¹
931 1573 957 1614 00

108 1635 164 1689 Sed
180 1651 295 1704 puerum
313 1639 356 1686 est
374 1649 456 1686 ausus
475 1633 589 1685 Romam
607 1641 717 1701 portare
735 1633 885 1687 docendum

108 1712 193 1765 Artes
211 1727 278 1779 quas
297 1709 393 1763 doceat
411 1708 498 1776 quivis
516 1725 600 1776 eques
619 1713 702 1776 atque
720 1713 830 1762 senator

108 1787 200 1840 Scmet
217 1788 370 1854 prognatos.
405 1783 518 1836 Vestem
538 1800 683 1852 servosque
701 1789 853 1852 sequentes,

109 1863 143 1916 In
160 1878 257 1930 magno
274 1865 306 1914 ut
323 1859 429 1928 populo,
448 1859 470 1912 si
489 1859 536 1926 qui
553 1858 674 1924 vidisset,
693 1861 765 1912 avita

109 1936 151 1989 Ex
168 1954 199 1989 re
216 1935 340 2004 praeberi
358 1937 483 2002 sumptus
501 1934 567 1986 mihi
586 1934 711 1988 crederet
727 1935 794 1989 illos.
932 1949 958 1989 so
983 1935 987 1942 “

109 2012 173 2079 Ipse
190 2011 256 2063 mihi
274 2014 365 2062 custos
382 2009 631 2077 incorruptissimus
649 2027 741 2062 omnes

109 2085 217 2140 Circum
235 2085 360 2138 doctores
378 2084 481 2138 aderat.
517 2083 590 2148 Quid
608 2085 710 2138 multal
746 2084 886 2153 Pndicum,

110 2161 162 2224 Qui
180 2162 284 2229 primus
302 2159 413 2212 virtutis
431 2159 522 2226 honos,
541 2160 658 2212 servavit
674 2160 710 2212 ab
727 2161 799 2212 ornni

29 2248 32 2255 '
109 2237 134 2290 N
137 2237 275 2288 onsolum
292 2235 363 2288 facto
382 2251 475 2288 verum
493 2233 637 2302 opprobrio
656 2251 763 2303 000000
781 2235 870 2308 turpi3
921 2257 925 2264 ·
947 2283 952 2297 ,

109 2313 135 2366 N
137 2327 168 2364 ec
185 2311 278 2382 timuit
295 2310 346 2363 sibi
364 2326 398 2362 ne
416 2311 482 2363 vitio
501 2311 561 2376 quis
580 2313 700 2363 verteret
718 2310 782 2364 olim
935 2325 960 2364 ss

109 2389 138 2442 si
156 2403 253 2455 praeco
271 2389 442 2454 parvasaut,
460 2389 492 2438 01
509 2386 562 2438 fuit
580 2386 645 2452 ipse,
665 2389 774 2438 coactor

110 2451 252 2516 Mercedes
260 2477 399 2528 sequercr;
409 2477 498 2527 neque
506 2477 555 2527 ego
563 2477 649 2514 essem
661 2464 782 2528 questus:
796 2459 959 2516 athocnunc

110 2539 182 2591 Laus
200 2539 239 2590 illi
257 2537 374 2590 debetur
392 2539 421 2588 01
438 2551 455 2588 0
471 2539 516 2588 010
533 2537 622 2602 gratia
640 2537 735 2604 major.

110 2614 156 2667 Nil
174 2631 219 2666 me
235 2613 374 2682 poeniteat
393 2627 487 2664 sanum
504 2611 590 2678 patris
603 2612 690 2680 hujus
709 2628 795 2680 eoquo

109 2689 136 2744 N
138 2706 179 2754 on,
195 2693 228 2743 ut
245 2705 343 2756 magna
360 2687 422 2740 dolo
439 2687 541 2740 factum
558 2692 641 2754 negat
658 2704 717 2740 csse
736 2704 785 2740 suo
801 2703 866 2756 pers
933 2703 960 2746 so

111 2763 190 2829 Quod
207 2781 260 2817 non
278 2766 408 2831 ingenuos
426 2761 527 2815 habeat
544 2762 685 2830 clarosque
703 2767 840 2831 parentes

111 2839 155 2892 Sic
172 2855 217 2892 me
235 2839 386 2892 defendam.
422 2837 515 2904 Longe
532 2853 593 2890 mea
611 2838 748 2906 discrepat
765 2838 826 2892 istis

111 2913 149 2965 Et
164 2929 218 2965 vox
236 2917 265 2966 et
282 2914 366 2966 ratio:
384 2928 448 2965 nam
466 2913 489 2964 si
506 2916 604 2966 natura
617 2912 732 2980 juberet

113 2987 140 3038 A
158 2987 240 3038 certis
258 2989 333 3039 annis
351 3003 448 3040 aevum
465 3003 587 3040 remeare
605 2992 746 3054 peractum

113 3061 208 3124 Atque
225 3061 291 3112 alios
308 3061 397 3128 legere
415 3061 451 3113 ad
468 3063 568 3115 fastum
587 3079 761 3132 quoscunque
778 3066 907 3132 parentes
940 3077 964 3118 01

114 3131 231 3199 Optaret
249 3132 299 3186 sibi
317 3135 438 3204 quisque,
455 3137 522 3190 meis
540 3140 683 3211 contentus
700 3138 829 3194 honestos
