2116 3424
377 155 533 206 HORATII
546 153 681 203 FLAGOI
776 194 780 200 .

244 236 300 292 Hie
317 233 378 290 dies
393 253 464 290 anno
482 235 615 288 redeunte
632 235 720 288 festus
783 243 786 250 ’

246 311 382 366 0111111111
400 311 559 364 adstrictum
577 311 637 377 pice
655 309 805 364 dimovebit

246 388 405 456 Amphorae
422 387 526 440 fumum
542 384 637 440 bibere
655 383 798 439 institutae
813 414 819 454 ⁴.

280 462 398 516 Consule
416 461 500 517 'Pulla

246 538 337 605 Sume,
356 539 506 605 Maecenas,
523 537 632 605 cyathos
650 537 730 590 amiei

247 613 364 681 sospitis
381 617 489 666 centum
505 615 535 665 et
552 612 646 678 vigiles
663 612 786 664 lucernas

247 687 345 744 Perfer
361 688 390 741 in
407 688 512 752 lueem;
528 686 622 754 procul
639 685 726 739 omnis
744 690 803 740 esto

282 763 392 817 Clamor
409 766 439 816 et
455 761 502 816 ira

248 837 332 893 Mitte
349 838 441 891 civiles
459 851 540 904 super
556 835 625 890 urbe
642 851 737 894 eurasz

248 912 358 966 Oeeidit
375 912 443 965 Daei
453 911 596 965 ¹Cotisonis
613 927 718 979 agmen,

246 987 349 1044 Medus
365 987 481 1040 infestus
499 987 551 1041 sibi
567 986 696 1040 luetuosis

282 1061 405 1114 Dissidet
421 1061 511 1130 armis,

52 1197 54 1204 Α
132 1187 136 1191 .
247 1135 339 1192 Servii
357 1136 497 1204 Hispanae
514 1139 594 1190 retus
610 1135 697 1190 hostis
713 1151 778 1192 orae

248 1211 387 1266 Cantaber
404 1229 465 1266 sera
481 1212 601 1266 domitus
617 1215 714 1265 eatena
723 1233 730 1276 ;

247 1285 313 1342 Jam
331 1287 446 1354 Scythae
463 1287 524 1340 laxo
541 1286 710 1341 meditantur
727 1301 793 1341 areu
878 1349 881 1354 ¹
945 1305 946 1310 ¹

282 1361 390 1415 Cedere
407 1363 516 1431 eampis.

247 1436 275 1492 N
277 1437 405 1504 eglegens
421 1455 456 1490 ne
474 1453 529 1506 qua
544 1436 662 1524 populus
678 1435 785 1490 laboret

112 1538 115 1544 ·
135 1559 137 1565 Α
249 1511 347 1566 Parce
340 1513 474 1580 privatus
490 1511 602 1566 nimium
620 1527 731 1574 cavere.

248 1586 328 1642 Dona
344 1586 495 1655 praesentis
513 1603 583 1656 cape
596 1585 685 1639 laetus
701 1585 784 1639 horae
801 1585 831 1640 et

269 1711 271 1716 .
284 1663 389 1732 Linque
406 1677 507 1716 severa

244 1885 347 1943 thorno
364 1890 458 1953 gratus
476 1901 551 1938 eram
568 1883 621 1938 tibi
706 1925 707 1928 ,

283 1961 309 2016 N
312 1977 343 2014 ee
360 1961 501 2028 quisquam
519 1959 610 2026 potior
626 1955 738 2010 brachia
757 1956 888 2011 candidae

248 2034 355 2090 (1111111
367 2035 477 2101 juvenis
494 2034 586 2098 dabat,

283 2109 428 2162 Persarum
445 2110 518 2176 rigui
530 2126 596 2176 rege
613 2107 726 2162 beatior.
826 2175 828 2181 Α

248 2183 343 2240 Donec
360 2201 413 2238 non
430 2184 484 2238 1111
500 2186 586 2252 magis
684 2229 689 2240 .
881 2198 884 2204 ·
946 2195 960 2237 s

285 2261 386 2329 Arsisti
403 2277 492 2330 neque
510 2263 570 2313 erat
588 2259 675 2328 Lydia
691 2261 754 2328 poss
772 2257 883 2324 (1111οέ11,

247 2333 332 2390 111111
350 2335 437 2403 Lydia
454 2335 570 2388 nominis

284 2409 405 2463 Romana
421 2409 496 2476 rigui
512 2408 610 2461 clarior
628 2407 686 2463 Ilia

248 2483 297 2540 Me
314 2501 385 2538 nune
403 2485 520 2537 Thressa
538 2483 621 2536 chloe
639 2484 713 2550 regit

283 2560 384 2614 Dulees
402 2559 483 2612 dueta
499 2558 594 2610 modos
612 2562 642 2611 et
658 2559 779 2612 citharae
797 2557 894 2624 sciens,
938 2570 961 2610 ιο

249 2632 304 2690 Pro
322 2649 376 2700 qua
393 2649 447 2685 non
465 2635 586 2686 metuam
604 2633 673 2685 meri

284 2708 312 2762 si
329 2710 442 2776 parcent
459 2707 564 2760 animae
581 2707 638 2761 fata
656 2693 804 2777 superstiti.
867 2735 871 2746 ·

248 2781 296 2838 Me
314 2787 402 2836 torret
419 2783 478 2835 face
495 2787 591 2836 mutua

284 2857 397 2910 Thurini
415 2857 506 2910 Calais
524 2857 596 2909 filius
614 2855 716 2926 Ornyti,

249 2929 304 2986 Pro
321 2948 375 2999 que
393 2931 435 2984 bis
452 2931 543 2999 patiar
559 2931 637 2986 mori<
937 2941 962 2984 11

284 3004 313 3056 Si
330 3008 442 3071 parcent
459 3021 544 3072 puero
561 3005 619 3057 faia
636 3005 786 3072 superstiti.

249 3074 323 3138 Quid
341 3077 368 3129 si.
381 3079 470 3145 prisea
487 3079 561 3131 redit
579 3078 673 3132 Venus

284 3148 472 3219 Diduetosque
486 3151 555 3220 jugo
573 3151 646 3219 cogit
663 3157 755 3222 aeneo,
