2126 3410
121 109 168 174 rai
382 117 551 188 '‘nouuru
569 119 698 168 rancor

118 199 174 254 Vix
191 203 284 254 tamen
303 197 417 266 eripiam
434 198 522 266 posito
540 214 645 266 pavone
662 199 730 252 velis
747 197 827 267 quin*
907 197 911 204 '

119 275 181 328 Hoc
197 274 288 343 potius
306 289 387 341 quam
404 273 504 340 gallina
521 277 631 341 tergere
649 275 779 344 palatum,
811 268 817 272 ’

119 350 270 418 Corruptus
288 349 363 402 vanis
381 365 479 415 renna,
498 349 561 418 quia
579 353 678 403 veneat
695 365 762 402 auro
841 414 844 419 Ι
947 365 975 406 2³

120 422 193 477 Rara
209 425 266 480 avis
284 427 313 477 et
330 424 404 491 picta
420 424 524 491 pandat
541 425 696 491 spectacula
713 424 814 490 cauda;

114 500 267 568 Tamquam
279 499 316 552 ad
326 515 385 552 rem
397 499 514 554 attineat
526 499 683 568 quidquam.
707 501 780 553 Num
790 501 906 554 vesceris
914 503 974 557 ista

120 576 207 638 Quam
225 575 321 628 laudas
337 575 448 642 plumat
485 574 568 628 (lecto
586 591 651 628 num
669 575 749 629 adest
766 575 851 628 honor
868 576 966 638 idem?

120 651 208 705 Carne
225 655 317 704 tamen
335 647 457 716 quamvis
475 648 560 703 distat
577 650 623 718 nil,
642 651 691 703 hac
708 649 795 718 magis
813 651 888 704 illam

120 726 273 795 Impar-ibus
291 725 384 777 formis
402 724 546 792 deceptum
564 728 593 778 te
610 729 722 793 petere!
761 726 843 779 Esto:
948 743 975 783 aa

118 801 201 855 Unde
218 801 314 854 datum
332 799 416 852 sentis
434 798 512 866 lupus
530 799 574 852 hie
592 800 735 854 'liberinus
753 808 787 854 a'n
805 801 861 854 alto

119 877 222 944 Captus
239 876 304 941 hiet,
322 878 456 944 pontesne
473 874 546 928 inter
558 875 679 942 jactatus
698 883 732 929 an
751 876 838 930 amnis

119 951 198 1005 Ostia
215 951 267 1004 sub
284 951 380 1003 'luscii
417 949 532 1016 Laudas,
550 950 652 1019 insane,
670 952 806 1004 trilibrem

119 1027 235 1080 Mullum
251 1025 279 1078 in
295 1025 400 1092 singula
416 1040 497 1092 quem
514 1025 619 1079 minuas
635 1027 775 1094 pulmenta
790 1041 902 1081 necesse
918 1030 971 1082 esa

119 1101 202 1156 Ducit
219 1105 248 1154 te
265 1100 368 1168 species
384 1098 479 1153 video:
498 1116 551 1167 quo
569 1101 689 1169 pertinet
706 1118 770 1170 ergo
944 1117 969 1158 ιε

119 1177 250 1231 Procerus
268 1176 357 1246 odisse
374 1176 469 1243 luposl
505 1175 575 1238 Quia
593 1176 695 1229 scilicet
712 1177 766 1229 illis

110 1250 252 1320 ‘Majorem
270 1254 367 1304 natura
383 1249 493 1302 modum
512 1249 597 1317 dedit,
614 1250 657 1303 his
674 1251 760 1305 breve
776 1253 890 1320 pondus.

118 1326 137 1379 J
141 1327 238 1394 ejunus
255 1342 316 1378 raro
334 1324 487 1378 stomachus
505 1325 626 1392 vulgaria
643 1327 750 1381 temnit.

119 1402 298 1454 “Porrectum
316 1415 414 1467 magno
431 1416 558 1466 magnum
579 1405 701 1468 spectare
719 1402 810 1456 catino

118 1476 248 1544 Vellem‚”
260 1476 299 1529 ait
318 1474 447 1542 Harpyiis
464 1474 528 1542 gula
545 1474 628 1541 digna
645 1475 795 1543 rapacibus.
826 1476 867 1528 At
878 1491 932 1541 vos,
944 1492 970 1534 ie

119 1551 281 1606 Praesentes
300 1551 403 1616 Austri,
417 1550 524 1626 coquite
541 1549 637 1604 horum
649 1550 969 1619 obsonia-quamquam

119 1626 204 1682 Putet
220 1642 286 1695 aper
304 1625 485 1693 rhombusque
502 1641 604 1692 recens,
622 1625 694 1680 mala
711 1627 788 1694 copia
805 1625 913 1694 quando

119 1708 242 1771 Aegrum
260 1701 386 1755 sollicitat
404 1701 578 1767 stomachum,
596 1717 657 1754 cum
674 1702 769 1770 rapula
786 1702 883 1770 plenus

118 1780 213 1846 Atque
230 1777 321 1831 acidas
338 1775 442 1830 mavult
458 1776 552 1828 inulas
588 1774 714 1828 Necdum
730 1777 818 1834 omnis
835 1776 933 1830 abacta

110 1854 265 1922 *Pauperies
282 1852 369 1920 epulis
386 1868 497 1919 regum3
514 1867 577 1903 nam
594 1850 692 1902 vilibus
709 1851 766 1904 ovis
943 1865 970 1906 ιε

118 1930 142 1984 N
147 1931 265 1997 igrisque
283 1931 326 1981 est
344 1927 410 1980 oleis
428 1926 509 1980 hodie
527 1926 608 1979 locus.
644 1925 729 1978 Haud
747 1926 786 1978 ita
802 1925 909 1994 pridem

118 2005 224 2058 Galloni
241 2003 380 2072 praeconis
398 2005 458 2055 erat
475 2003 631 2069 acipensere
648 2017 742 2054 mensa

119 2078 239 2132 infamis.
274 2078 354 2144 Quid,
366 2081 431 2130 tunc
449 2075 575 2128 rhombos
594 2076 681 2128 minus
698 2091 816 2142 aequora
832 2073 962 2131 alebautl

118 2151 204 2208 'lutus
221 2157 280 2208 erat
297 2151 427 2205 rhombus
444 2155 558 2218 tutoque
576 2149 677 2202 ciconia
694 2149 762 2222 nido

118 2229 212 2284 Donec
229 2245 276 2281 vos
292 2232 388 2281 auctor
405 2227 498 2279 docuit
515 2225 674 2293 praetorius.
710 2225 799 2292 Ergo*
943 2249 970 2289 ω

118 2306 148 2360 Si
166 2305 226 2373 quis
243 2320 314 2356 nunc
331 2318 438 2370 mergos
456 2317 551 2354 suaves
569 2299 687 2354 edixerit
706 2315 789 2366 assos,

119 2381 231 2434 Parebit
248 2378 325 2447 pravi
343 2378 436 2432 docilis
455 2377 577 2430 Romana
590 2375 729 2443 juventus.

118 2452 251 2511 sordens
268 2470 286 2507 a
302 2453 378 2507 tenui
396 2453 470 2506 victu
488 2451 608 2504 distabit.
628 2449 717 2504 Ofella

118 2533 136 2586 J
140 2532 236 2595 udice;
258 2545 320 2583 nam
338 2529 440 2581 frustra
457 2527 553 2580 vitium
570 2526 698 2579 vitaveris
715 2524 784 2579 illud

118 2609 148 2663 Si
165 2612 194 2662 te
212 2607 265 2660 alio
284 2620 397 2674 pravum
414 2601 568 2656 detorseris.
604 2601 763 2666 Avidienus,

119 2685 170 2738 Oui
188 2683 271 2738 (lauis
288 2697 323 2734 ex
340 2695 404 2734 vcro
422 2677 524 2732 dietum
542 2692 689 2744 cognomen
707 2676 845 2744 adhaeret,

119 2760 312 2826 Quinquennes
330 2755 402 2808 oleas
419 2757 463 2807 est
479 2757 509 2807 et
526 2753 661 2806 silvestria
678 2769 767 2819 corna,

119 2837 163 2888 Ac
180 2835 231 2886 nisi
248 2834 384 2884 mutatum
400 2829 488 2898 parcit
505 2827 655 2882 defundere
673 2829 772 2892 vinum,
790 2829 820 2882 et

120 2908 205 2975 (liujus
222 2906 333 2959 odorem
351 2905 403 2958 olei
420 2919 539 2971 nequeas
556 2902 685 2971 perferre,
703 2902 797 2956 licebit

121 2983 173 3034 Ille
191 2980 297 3048 repotia
314 2979 417 3032 natales
435 2977 534 3031 aliosve
552 2977 659 3030 dierum
943 2999 970 3040 ω

120 3045 218 3100 Festos
236 3047 343 3099 albatus
360 3046 486 3102 celebret.
503 3062 586 3098 cornu
604 3045 662 3113 ipse
680 3044 771 3099 bilibri

121 3120 251 3176 caulibus
268 3120 390 3188 instillat,
408 3121 508 3176 veteris
525 3136 579 3175 non
596 3135 693 3190 parcus
709 3120 788 3176 aceti.
