2144 3420
121 146 166 194 les
231 133 383 191 HORATII
399 101 529 190 runem
545 139 762 192 SATIRARUM
778 143 817 193 Π.
835 145 859 193 8.

120 222 176 274 Vix
192 223 307 290 poterat.
340 211 454 275 Balatro
472 221 641 288 suspendens
658 222 751 284 omnia
767 238 841 290 naso,

121 297 212 350 ‘Haec
229 299 272 350 cst
288 296 407 350 conditio
422 293 547 362 vivendi,'
565 289 666 362 aiebat,
685 298 787 364 ‘eoque
946 310 975 352 cs

122 371 294 440 Responsura
310 375 358 424 tuo
375 387 513 438 nunquam
530 373 574 424 est
590 387 641 438 por
656 371 729 424 fama
746 370 839 424 labori.
912 385 915 391 '

121 445 194 499 'lene
211 450 243 500 ut
260 461 310 512 ego
327 445 443 513 accipiar
460 445 534 498 laute
551 446 706 513 torquerier
723 447 796 500 omni

122 520 308 574 Sollicitudine
325 519 489 587 districtum,
506 536 542 573 ne
559 520 637 588 panis
655 520 776 587 adustus,

122 593 149 648 N
150 610 166 648 e
183 595 254 649 mule
270 594 409 649 conditum
422 594 470 662 jus
487 598 645 662 apponatur,
663 597 696 648 ut
712 611 806 649 omnes
957 631 963 645 .

123 669 275 724 Praecincti
292 673 366 723 reete
382 669 460 737 pueri
478 669 632 737 comptique
649 669 821 724 ministrent!
947 685 975 725 vo

124 745 207 798 Adde
224 745 273 798 hos
289 747 431 813 praeterea
447 759 533 809 casus,
551 743 645 796 aulaea
656 747 744 798 ruant
761 745 784 797 si

124 819 165 873 Ut
181 820 277 883 modo;
300 819 323 872 si
340 819 460 888 patinam
477 818 549 885 pede
566 817 657 886 lapsus
674 819 782 887 frangat
798 835 886 887 agaso·

125 893 181 948 Sed
198 894 375 948 convivatoris
391 893 433 946 uti
450 891 525 946 ducis
542 893 680 960 ingenium
697 910 742 946 res

126 968 266 1022 Advorsae
279 968 386 1022 nudare
404 967 499 1030 solent,
517 965 605 1020 colare
623 967 771 1022 secundae!

26 1095 30 1102 .
125 1043 288 1098 Nasidienus
305 1043 343 1096 ad
354 1036 438 1096 lraee:
456 1041 530 1094 ‘Tibi
548 1041 577 1094 di
595 1057 771 1112 quaecunque
784 1044 902 1111 preceris
945 1060 972 1098 rs

126 1119 273 1172 Commoda
290 1118 372 1172 dent!
410 1117 455 1169 Ita
472 1115 513 1169 vir
530 1116 616 1170 bonus
634 1133 664 1170 es
681 1119 846 1185 convivaque
863 1119 962 1171 comis!

111 1193 163 1246 ·Et
180 1194 266 1247 soleas
283 1192 375 1261 poscit.
411 1191 478 1244 Tum
495 1191 524 1244 in
541 1191 612 1245 lecto
630 1209 737 1261 quoque
754 1188 874 1246 videres

127 1268 248 1322 Stridore
266 1270 371 1320 secreta
387 1266 488 1319 divisos
504 1283 571 1320 aure
589 1268 734 1320 susurros.''

128 1343 245 1396 “Nullos
262 1342 304 1394 bis
321 1341 525 1394 mallem-ludos
543 1345 695 1409 spectassc;
712 1342 761 1396 sed
777 1342 825 1395 illa

128 1417 225 1470 llcdde
243 1433 293 1484 age
310 1432 381 1484 quae
399 1415 524 1484 deinceps
541 1415 647 1470 risisti.’'
676 1416 827 1470 “Vibidius
844 1417 910 1471 dum
945 1433 972 1473 sc

128 1493 240 1555 Quaerit
256 1492 292 1544 de
308 1491 400 1559 pueris
416 1507 481 1543 rrum
499 1490 535 1544 sit
553 1507 661 1560 quoque
677 1491 765 1545 fracta
782 1493 885 1562 lagena,

128 1567 207 1630 Quod
224 1566 275 1619 sibi
292 1565 414 1632 poscenti
430 1579 483 1618 non
501 1565 603 1619 dantur
619 1566 721 1634 pocula,
740 1567 860 1636 dumque

128 1641 245 1696 Ridetur
261 1640 332 1694 fictis
348 1655 440 1694 rerum
458 1639 603 1695 Balatrone
621 1641 764 1710 secundo„
807 1659 810 1666 ·

128 1715 282 1784 Nasidiene‚
297 1715 373 1768 redis
390 1719 511 1769 mutatae
528 1716 632 1785 frontis,
649 1720 682 1770 ut
703 1721 764 1772 arte

128 1790 326 1845 Emendabrrus
343 1790 494 1856 fortunam3
512 1791 611 1844 deinde
629 1792 715 1845 secuti
776 1814 781 1821 ¹
945 1809 971 1850 ss

128 1865 285 1919 Mazonomo
300 1865 379 1933 pueri
396 1881 494 1933 magno
512 1866 649 1935 discerpta
665 1867 787 1921 ferentes

128 1939 252 1994 Membra
268 1939 343 2007 gruis
361 1941 446 2008 sparsi
464 1941 520 1994 sale
536 1941 630 2010 mullo,
648 1957 701 1994 non
720 1942 778 1996 sine
794 1943 880 2008 iarrc3

128 2014 275 2082 Pinguibus
293 2017 323 2068 et
339 2014 397 2068 ficis
413 2019 522 2083 pastum
535 2016 616 2084 jecur
632 2017 735 2070 anseris
752 2017 831 2071 albae

128 2089 164 2143 llt
180 2089 302 2157 leporum
320 2089 432 2157 avulsos,
449 2093 482 2144 ut
498 2091 584 2144 multo
601 2092 716 2158 suavius,
734 2107 830 2160 armos,

128 2165 214 2228 Quam
230 2163 253 2217 si
270 2180 331 2217 cum
346 2163 445 2217 lrnnbis
461 2165 522 2233 quis
538 2164 611 2230 edit;
627 2169 687 2219 tum
703 2166 926 2234 pectorc.adusto
944 2185 969 2224 oo
1059 2157 1060 2171 ¹

127 2238 253 2291 Vidimus
270 2242 299 2292 et
315 2239 431 2291 merulas
447 2239 512 2307 porri
530 2242 559 2294 et
577 2240 635 2293 sine
651 2240 730 2293 clune
745 2241 893 2311 palumbes,

127 2314 228 2367 Suaves
245 2330 296 2380 res,
313 2313 336 2365 si
353 2329 407 2366 non
424 2330 517 2368 causas
533 2319 657 2368 narraret
674 2331 767 2369 earum
785 2321 814 2370 et

126 2389 246 2442 Naturae
264 2385 403 2455 dor'ninus;
420 2407 507 2458 quem·
518 2407 568 2444 nos
585 2391 624 2446 sic
640 2391 758 2458 fugimus
774 2392 833 2460 ulti,

126 2457 168 2517 Ut
184 2463 250 2516 nihil
267 2464 374 2517 omnino
390 2469 566 2533 gustaremus,
585 2467 660 2520 velut
676 2466 730 2519 illis

119 2535 240 2595 'Gaudia
257 2539 374 2620 afflasset
389 2540 468 2610 pejor
484 2543 657 2612 serpentibus
674 2539 773 2600 Afr'rsr
942 2561 968 2602 vr
