2144 3420
18 499 22 712 i

378 147 594 202 samalach
610 149 647 205 11.
665 151 690 204 3.
905 151 951 202 iar

95 227 290 283 Saturnalibus
307 223 360 285 hu'c
379 233 476 299 fugisti.
513 233 624 286 Sobrius
642 249 707 300 ergo
820 236 823 244 ’
937 247 950 290 t

97 303 150 358 Dic
168 305 273 372 aliquid
291 306 403 373 dignum
420 309 571 375 promissis:
590 309 692 376 incipe.¹
722 307 768 360 Nil
787 311 844 364 est:

97 378 251 446 Cnlpantur
268 381 371 434 frustra
387 383 489 447 calami,
506 383 712 450 immeritusque
730 382 836 438 laborat

97 453 183 506 Iratis
199 459 280 508 natus
296 457 387 524 paries
404 457 447 510 dis
463 461 547 526 atque
565 458 661 526 politis.
875 471 878 474 ·

98 529 186 597 Atqui
206 531 298 584 vultus
316 535 377 585 erat
394 532 480 586 multa
497 536 526 586 et
543 533 682 600 praeclara
698 531 826 585 minantis

97 603 126 656 Si
144 621 260 658 vaenum
278 606 372 674 tepido
389 608 506 674 cepisset
524 607 616 661 villula
633 611 714 660 tecto.
926 622 949 663 in

18 727 19 738 2
98 677 234 742 Quorsum
251 681 383 750 pertinuit
401 683 502 750 stipare
521 683 635 736 Platona
653 681 812 746 Menandro,

97 751 222 822 Eupolin,
241 755 442 823 Archilochum,
460 758 575 811 comites
592 758 708 810 educere
726 757 838 812 tantast

18 805 20 920 i
96 828 233 882 Invidiam
250 831 358 899 placare
375 849 454 900 paras
472 833 574 886 virtute
592 833 705 886 relicta'l

18 923 20 962 i

97 903 278 958 Contemnere
295 908 392 968 miser;
410 908 521 961 vitanda
538 913 582 962 est
599 907 722 976 improba
740 907 818 960 Siren

95 977 216 1047 Desidia,
235 984 284 1034 aut
302 981 437 1050 quidquid
455 984 512 1036 vita
529 983 640 1036 meliore
658 983 760 1050 parasti
925 997 948 1038 ιε

95 1053 256 1108 Ponendum
274 1073 361 1124 acqua
378 1059 488 1112 animo.’'
512 1059 571 1110 “Di
588 1062 625 1124 te,
639 1057 810 1125 Damasippo,
823 1057 945 1126 deaeque

94 1129 199 1183 Verum
218 1131 253 1184 ob
272 1133 411 1186 eonsilium
431 1133 533 1187 donent
550 1137 666 1186 tonsore.
702 1133 758 1186 Sed
776 1133 850 1186 unde

18 1211 19 1214 ’
93 1204 159 1258 Tam
172 1207 243 1259 bene
256 1223 300 1260 me
312 1209 384 1262 nosti
394 1209 418 1262 l”
441 1209 611 1277 “Postquam
624 1209 710 1261 omnis
718 1223 764 1261 res
773 1225 834 1262 mea
842 1209 862 1262 J
863 1211 944 1264 anum

18 1317 19 1332 t
91 1281 138 1334 Ad
157 1282 280 1335 medium
297 1283 384 1337 fracta
401 1287 443 1337 est
460 1284 674 1362 mienanegotia
691 1300 762 1352 curo,
941 1299 943 1308 ·

91 1356 232 1410 Excussus
250 1359 375 1428 propriis.
411 1359 481 1412 Olim
501 1375 563 1412 nam
582 1375 713 1427 quaerere
730 1359 863 1424 amabam,
920 1375 946 1414 nt

18 1459 20 1516 q
90 1432 151 1495 Quo
170 1434 248 1486 vater
265 1433 311 1487 ille
328 1434 411 1502 pedes
429 1434 539 1488 lavisset
558 1433 687 1501 Sisyphus
704 1451 774 1501 aere,

90 1508 165 1572 Quid
183 1509 320 1576 sculptum
338 1509 449 1576 infabre,
468 1509 535 1578 quid
552 1509 642 1562 iusmn
660 1509 755 1561 durius
772 1513 845 1564 aaa
920 1509 922 1514 ’
940 1523 943 1534 ·

89 1583 216 1638 Callidus
233 1585 296 1638 huic
314 1587 390 1652 signo
407 1585 540 1654 ponebam
558 1585 642 1637 millia
659 1588 781 1650 centum;

18 1693 20 1718 t
89 1657 197 1713 Hortos
218 1660 395 1728 egregiasque
412 1661 508 1714 domos
526 1660 673 1714 mercarier
691 1677 759 1712 unus

87 1734 160 1788 Cum
179 1729 254 1788 lucro
272 1751 379 1801 noram;
397 1736 471 1788 unde
487 1736 641 1803 frequentia
660 1735 823 1790 Mercuriale
918 1753 943 1794 aa

88 1809 253 1879 Imposuere
271 1810 336 1862 mihi
354 1825 502 1878 cognomen
520 1811 657 1878 compita.'’
695 1811 710 1838 “
720 1811 743 1862 N
746 1811 797 1877 ovi,

18 1919 19 1922 =
88 1885 126 1938 Iit
144 1887 230 1938 miror
247 1885 335 1938 morbi
353 1889 498 1953 purgatum
515 1890 544 1939 te
561 1887 640 1939 illius.
677 1886 762 1954 Atqui

88 1960 200 2014 limavit
217 1964 338 2014 veterem
356 1961 423 2015 mire
441 1977 533 2028 novus,
553 1965 584 2014 ut
603 1961 672 2014 solet
689 1962 717 2013 in
736 1977 782 2014 cor

88 2035 217 2104 Trajecto
234 2035 327 2089 lateris
344 2037 435 2090 miseri
453 2037 581 2103 capitisve
599 2035 699 2101 dolore,

87 2111 130 2165 Ut
147 2111 314 2178 lethargicus
331 2111 375 2164 hic
393 2125 453 2164 eum
471 2113 503 2165 fit
520 2112 594 2180 pugil
613 2117 642 2164 et
659 2111 794 2164 medicum
811 2116 897 2180 urget.
915 2129 940 2168 aa

88 2186 165 2240 Dum
176 2187 291 2253 nequid
304 2187 390 2239 simile
403 2187 464 2240 huic
477 2191 536 2240 esto
549 2192 580 2239 ut
591 2186 681 2240 libet.'’
711 2187 755 2239 “C
773 2187 938 2256 bouqueto

88 2261 254 2325 Frustrere;
271 2261 372 2314 insanis
390 2266 419 2316 et
436 2266 468 2315 tu
486 2261 616 2330 stultique
633 2275 716 2330 prope
734 2279 835 2331 omncs,
937 2291 939 2300 v

18 2335 19 2342 ’
88 2322 206 2406 Siquid
224 2337 371 2390 Stertinius
388 2337 446 2390 veri
464 2341 563 2404 crepat,
581 2337 655 2390 unde
673 2353 722 2404 ego
739 2338 809 2390 mira
841 2385 843 2388 ,

88 2411 228 2479 Descripsi
247 2411 340 2464 docilis
357 2415 503 2479 praecepta
521 2411 593 2476 haec,
613 2414 736 2478 tempore
754 2427 808 2478 qno
825 2429 870 2468 me

18 2495 20 2534 ῑ
87 2487 199 2540 Solatus
213 2487 298 2554 jussit
316 2488 466 2554 sapientem
484 2501 596 2554 pascere
613 2485 726 2538 barbam
914 2503 938 2543 at

88 2565 185 2636 Atque
203 2578 220 2614 a
238 2561 361 2614 Fabricio
379 2577 432 2614 non
450 2562 557 2614 tristem
577 2564 660 2628 ponte
677 2560 786 2614 reverti.

18 2695 20 2710 ἶ
87 2637 161 2691 Nam
179 2637 249 2690 male
266 2654 297 2689 re
314 2641 392 2704 gesta
409 2653 470 2689 cum
488 2637 585 2688 vellem
603 2635 712 2688 mittere
731 2638 825 2702 operto
925 2647 937 2690 “,

18 2713 20 2768 ἶ
87 2710 135 2764 Me
154 2711 244 2778 capite
261 2710 290 2763 in
308 2710 414 2775 fluinen,
433 2709 533 2763 dexter
551 2709 630 2763 stetit
648 2713 684 2776 et,
704 2709 775 2762 Cave
792 2710 862 2764 faxis

18 2831 19 2842 ,
87 2786 125 2840 Te
143 2785 293 2854 quidquam
311 2785 469 2853 iudignum3
487 2785 582 2853 pudor,
595 2785 690 2852 inquit,
702 2788 732 2838 te
748 2785 834 2848 malus
852 2786 937 2853 angit,-

87 2861 202 2915 Ihsanos
219 2861 266 2928 qui
284 2861 355 2913 inter
372 2877 483 2914 vereare
500 2862 609 2913 insanus
627 2858 727 2913 haberi.
911 2877 935 2915 so

87 2937 209 2990 Primum
221 2951 285 2988 nam
296 2936 431 3002 inquiram
444 2935 510 3004 quid
524 2935 559 2988 sit
570 2935 677 2988 furere:
697 2933 788 2988 hoc'si
800 2935 854 2988 erit
865 2934 894 2988 in
907 2939 935 2990 te

86 3013 150 3064 Solo
168 3010 214 3070 nil¹
224 3010 301 3064 verbi
318 3027 414 3078 pereas
433 3010 498 3078 quin
517 3011 626 3061 fortiter
643 3009 751 3062 addam.
934 3014 937 3018 '

87 3085 265 3152 Quem-maia
282 3085 399 3138 stultitia
417 3087 445 3136 et
463 3098 649 3150 quemcunque
667 3082 774 3134 inscitia
791 3083 849 3136 veri

87 3163 204 3216 Caecum
222 3161 287 3228 agit,
305 3158 429 3212 insanum
448 3156 590 3224 Chrysippi
607 3155 728 3222 porticus
745 3159 774 3208 et
791 3173 858 3223 grex
