2126 3410
375 470 631 542 EPODON

437 671 575 732 LIBER.

495 919 511 975 1

221 1001 282 1060 Isis
299 1000 426 1056 Liburnis
443 1002 589 1056 intersita
604 1005 721 1072 uarium,

257 1077 359 1145 Amice,
376 1077 584 1146 propugnacula,

221 1151 337 1207 Paratus
354 1167 432 1204 omne
450 1152 574 1206 Caesaris
591 1151 740 1228 periculam}

256 1225 360 1294 Subire,
378 1226 529 1295 Maecenas,
548 1231 609 1282 tuo:

222 1301 295 1366 Quid
310 1317 367 1368 nos,
385 1302 483 1370 quibus
499 1306 529 1354 te
546 1303 603 1356 vita
620 1303 656 1357 sit
674 1302 819 1372 superstite
918 1316 930 1359 t

255 1375 388 1442 lucunda,
407 1376 430 1429 si
448 1379 542 1430 contra
558 1379 667 1444 gravisi

222 1449 356 1506 Utrumne
370 1449 440 1518 jussi
457 1467 652 1519 persequemur
669 1453 755 1508 otium

255 1525 317 1578 Non
335 1519 413 1578 dulce
429 1526 458 1578 ni
475 1529 566 1579 tecum
584 1526 671 1594 simrrl,
695 1559 700 1566 ·

222 1601 268 1654 An
284 1599 355 1652 hune
371 1598 492 1652 laborem
509 1603 603 1654 mente
620 1601 703 1655 laturi
721 1601 801 1655 decet

255 1673 315 1738 Qua
331 1674 403 1728 ferre
421 1691 474 1728 nou
491 1675 586 1728 molles
603 1675 694 1728 virosi
908 1689 930 1730 re

220 1747 351 1802 lleremus
369 1753 397 1802 et
414 1752 443 1802 te
461 1749 504 1802 vel
520 1765 572 1817 per
590 1750 702 1818 Alpium
714 1749 783 1818 juga

256 1822 451 1890 Inhospitalem
469 1827 497 1876 et
515 1825 672 1891 Caucasum,
785 1871 789 1878 ,

223 1897 275 1950 Vel
293 1897 452 1952 Occidentis
466 1913 554 1967 usque
571 1899 607 1952 ad
624 1899 750 1952 ultimum
769 1895 855 1952 sinum

256 1972 333 2026 Furti
350 1987 497 2046 sequemur
512 1969 643 2042 pectora·

223 2046 313 2112 Reges
329 2049 408 2099 tuum
425 2045 518 2100 labore
536 2047 602 2116 quid
615 2047 710 2115 juvem
727 2063 796 2116 mee,
908 2059 929 2102 ιε
969 2067 972 2074 ·

256 2121 378 2174 imbellis
395 2137 427 2174 sc
444 2121 537 2174 firmus
553 2125 667 2190 paruml

223 2195 320 2252 Comes
336 2196 440 2260 minore
457 2213 517 2250 sum
534 2197 641 2250 futinus
658 2198 687 2250 in
704 2201 788 2266 metu,
827 2213 829 2216 ·

256 2271 309 2334 Qui
326 2269 414 2338 major
432 2271 558 2324 absentes
575 2271 676 2336 liabet3

222 2345 263 2399 Ut
278 2345 590 2413 assidens‘implumibus
607 2347 687 2414 pullis
704 2347 760 2400 uvis

257 2419 429 2488 Serpentium
446 2420 563 2488 allapsus
579 2421 659 2474 timet
907 2437 929 2475 re

223 2493 436 2562 maginensis,
454 2511 515 2563 nen,
530 2500 562 2548 ut
579 2495 658 2563 adsit,
676 2495 757 2549 auxili

257 2570 360 2624 latura
376 2571 437 2638 plus
454 2571 650 2638 praesentibus.

222 2643 354 2698 Libenter
370 2645 421 2699 hoc
439 2650 468 2699 et
485 2661 562 2698 omne
580 2644 741 2699 militabitur

258 2720 365 2774 Bellum
381 2720 411 2772 in
427 2723 492 2774 tuse
509 2737 586 2789 spem
602 2720 714 2787 gratiae,

222 2793 249 2848 N
251 2809 286 2847 ou
303 2797 335 2848 ut
347 2793 472 2862 juvencis
489 2795 593 2862 illigata
610 2794 732 2862 pluribus
906 2805 930 2850 rt

258 2871 361 2923 Aratra
377 2869 498 2924 nitantur
514 2885 582 2936 mea,

225 2943 346 2997 Pecusve
364 2943 486 2998 Calabris
504 2948 567 2998 autc
585 2943 660 2996 sidus
676 2940 811 2996 fervidum

258 3018 368 3072 Lucana
384 3023 473 3073 mutet
489 3019 602 3086 pascuis,

224 3091 323 3161 Neque
339 3096 372 3146 ut
388 3093 498 3160 superui
515 3092 578 3144 villa
594 3091 712 3144 candens
729 3083 836 3142 Tusculi

258 3168 370 3224 Circaea
386 3169 482 3236 tangat
498 3163 609 3217 moenia
906 3172 930 3213 re
