2144 3420
17 61 23 224 ⁸
364 146 619 198 EPISTOLARUM
636 150 658 198 1.
679 152 716 200 12.
918 153 963 204 173
1027 145 1032 152 ’

113 227 192 283 Dum
208 227 275 282 licet
291 243 323 282 uc
340 228 445 281 vultum
463 231 555 284 servat
574 228 697 286 ilortuna
714 227 868 301 benignum,
940 247 965 289 ro

17 281 20 386 J
162 319 223 356 mac
240 294 368 356 laudetur
386 303 480 358 Samos
497 309 527 360 ct
545 304 627 360 Chios
644 307 675 360 ot
696 305 807 361 Rhodos
824 309 929 363 aliseos

16 388 17 422 l
139 396 160 432 ιι
177 394 365 447 quamcunquo
383 379 452 432 doris
469 378 520 432 tibi
537 380 718 435 fortunaverit
734 381 829 436 horam

175 458 205 506 ta
222 471 299 507 smno
316 469 406 520 manu,
424 471 477 508 neu
495 454 584 509 dulcia
601 456 682 510 differ·
698 457 727 510 in
744 473 852 526 annum,

144 533 159 582 t
176 543 336 598 quocunque
354 524 413 582 loco
428 529 513 582 fueris
531 531 631 584 vixisse
648 531 766 586 libenter

15 595 16 634 l
115 602 157 657 'lo
174 604 263 669 dicus;
280 619 343 656 num
361 602 385 656 si
402 604 474 658 ratio
491 607 520 657 ot
536 605 786 675 prudentiacuras,
941 625 965 665 rs

115 677 143 732 N
144 695 180 732 on
197 678 272 732 locus
290 678 368 733 effusi
383 679 440 732 lato
457 680 540 732 maris
558 680 662 734 arbiter
679 683 777 750 aufert,

116 754 229 808 Caelum
246 770 300 808 non
317 754 436 808 smmum
455 759 564 808 mutant
581 757 627 824 qui
644 760 721 810 trans
739 774 814 811 mare
832 763 952 812 currunt.

114 829 235 882 Strenua
252 845 301 882 nos
319 833 429 883 oiercot
445 830 557 885 inertia:
575 831 691 885 navibus
708 835 793 900 atquo

116 905 262 972 Quadrigis
280 905 399 972 petimus
415 901 487 958 bene
504 905 601 961 vivere.
638 907 717 970 Quod
734 908 807 976 petis
824 907 869 964 hie
886 914 936 978 est,

115 979 168 1033 Fet
184 979 306 1046 Ulubris,
324 980 430 1034 animus
447 980 471 1033 si
488 984 518 1034 to
535 997 588 1034 non
607 981 706 1036 deficit·
718 998 829 1051 aemrus.
941 1001 965 1040 :o

113 1205 277 1260 assensus
295 1165 434 1275 ιιιιρριι
452 1123 635 1275 saffica
651 1207 763 1279 ωιιιςιι,
782 1209 845 1278 ne,

116 1281 146 1335 Si
163 1286 238 1336 recto
255 1281 355 1335 fureris
372 1297 425 1334 non
443 1285 535 1336 estut
552 1283 629 1350 copia
647 1284 735 1352 major

115 1357 163 1410 Ab
180 1357 252 1410 Jove
271 1357 367 1410 donari
384 1357 471 1425 possit
488 1357 547 1410 tibi.
582 1358 657 1410 Tollo
675 1360 824 1427 querolau;¹

115 1431 225 1502 Pauper
242 1433 316 1486 enim
332 1448 387 1485 non
405 1436 448 1486 est
465 1433 509 1486 cui
526 1449 618 1486 rerum
636 1435 758 1502 suppetit
775 1451 847 1486 usus.

114 1508 146 1562 Si
164 1509 254 1562 ventri
272 1507 348 1575 bone,
366 1507 389 1562 si
406 1507 487 1562 lateri
504 1512 548 1561 ost
564 1507 736 1576 pedibusque
753 1509 816 1576 tuis,
835 1508 873 1562 nil
934 1527 963 1580 ¹u

114 1581 236 1636 Divitiae
253 1585 385 1652 poterunt
402 1583 507 1650 regales
525 1583 628 1636 addere
645 1583 741 1652 majus.

9 1679 10 1704 ι
115 1657 145 1710 si
162 1659 234 1712 forte
246 1659 280 1724 ,in
299 1657 388 1710 medlo
406 1659 555 1726 positorum
573 1657 721 1712 abstemius
738 1657 833 1712 herbis

114 1731 193 1786 Vivis
209 1737 239 1787 ct
256 1734 351 1798 urtica,
370 1733 407 1786 sic
424 1733 498 1786 rivos
515 1734 639 1800 protinus
657 1737 689 1786 ut
706 1737 736 1787 te

116 1806 266 1862 Confestim
284 1807 404 1876 liquidus
422 1807 560 1861 Fortunae
577 1809 651 1861 rivus
668 1809 790 1876 inau1·ot;

115 1881 168 1936 Vol
186 1884 251 1952 quia
268 1888 393 1936 naturam
411 1886 518 1935 mutare
535 1883 651 1950 pecunia
667 1882 762 1951 nescit,
941 1899 964 1939 ro

116 1957 168 2010 Vol
186 1959 251 2027 quia
268 1961 364 2010 cuncta
380 1962 460 2026 putas
477 1974 531 2010 una
548 1959 650 2012 virtute
667 1960 779 2012 minora.

115 2031 249 2086 Miramur
266 2032 289 2085 si
307 2031 456 2086 Democriti
473 2049 556 2101 pocus
574 2034 632 2087 odit
648 2033 749 2101 agellos

116 2108 250 2177 Cultaque
268 2108 334 2161 dum
350 2123 464 2176 peregre
482 2111 525 2161 est
541 2109 646 2162 animus
664 2110 722 2162 sine
739 2124 851 2178 corpore
868 2108 945 2164 velox
954 2130 961 2175 ς

116 2183 185 2238 (ium
203 2187 235 2236 tu
251 2183 325 2236 inter
342 2182 460 2236 scabiem
477 2186 581 2236 tuntum
600 2189 630 2237 et
646 2185 770 2251 contagia
787 2183 855 2238 lucri

114 2258 140 2312 N
142 2260 162 2312 il
179 2275 293 2328 parrum
311 2258 399 2326 sapias
416 2261 446 2311 et
463 2257 552 2312 adhuc
570 2259 694 2312 sublimia
711 2275 801 2312 curos:
940 2276 962 2315 ιι

115 2335 192 2398 Quae
209 2350 285 2387 mare
302 2337 472 2400 compescant
490 2349 592 2399 carruae,
611 2333 678 2402 quid
695 2337 832 2402 temperet
853 2351 960 2404 anniam,

114 2409 216 2464 Stellae
234 2411 332 2478 sponte
350 2424 398 2462 sua
410 2407 540 2476 jussaene
557 2411 690 2475 vagentur
707 2413 736 2462 et
753 2413 852 2474 errent,

114 2485 188 2549 Quid
205 2487 312 2553 premat
329 2483 472 2537 obscurum
491 2483 578 2551 lunae,
595 2482 663 2551 quid
679 2484 800 2553 proferat
817 2484 918 2550 orbern,

114 2559 188 2624 Quid
205 2559 271 2613 velit
289 2561 318 2613 et
335 2558 422 2626 possit
438 2573 531 2612 rerum
549 2558 692 2612 concordia
709 2559 819 2626 discors,
857 2581 862 2597 -

166 2634 524 2706 pedoelesanfltertinium
542 2633 641 2688 deliret
659 2637 879 2698 acumen.‚²‘”'
938 2651 962 2688 so

140 2728 156 2782 e
251 2727 286 2765 eu
302 2709 344 2778 pis
376 2707 582 2775 sseulporrum
599 2699 728 2777 etfoaepe
744 2708 865 2778 trucidas
954 2699 962 2773 ξ
982 2725 1005 2734 ”
1037 2775 1041 2784 w

111 2773 214 2916 Uterpl
237 2801 305 2856 omp
324 2785 330 2797 '
349 2758 669 2860 *Grospliose‘fsigqiiid
685 2781 850 2852 petet'ultro
869 2779 882 2866 ξ’
939 2775 956 2874 ί
984 2787 989 2796 ’
1028 2785 1044 2840 ’ἑ

106 2909 109 2916 ,
140 2863 184 2916 eie
207 2861 270 2928 3nil
288 2862 328 2914 Gr
346 2853 429 2928 s'phuls
446 2859 499 2911 nisi
516 2855 616 2912 verum·
629 2859 718 2912 orabit
735 2857 767 2912 et
782 2874 905 2926 aequum.
1035 2855 1047 2881 a

111 2933 183 2991 villi
201 2937 349 2991 amicorum
367 2938 410 2988 ost
427 2949 533 2987 annona
550 2933 629 2987 bonis
645 2934 694 2986 ubi
711 2933 779 3001 quid
797 2932 880 2986 deest.

110 3013 156 3068 No
173 3016 267 3070 tammr
283 3011 392 3078 ignores
409 3025 463 3076 quo
480 3010 517 3061 sit
535 3009 657 3060 Romana
673 3009 731 3060 loco
749 3023 806 3062 res:

111 3086 251 3144 Cantaber
269 3085 417 3151 Agrippae,
436 3082 533 3136 Olaudi
551 3083 652 3134 virtuto
670 3080 788 3133 Neronis

111 3161 262 3221 Ausonius
279 3157 393 3220 oeuidit;
408 3157 455 3224 jus
473 3155 671 3224 imperiumque
688 3155 825 3216 Phraates,

117 3293 124 3311 ι
297 3309 302 3316 .
446 3280 450 3300 ¹
698 3283 704 3316 ἴ
881 3313 885 3320 ,

9 3261 487 3387 &adamastis
671 3339 745 3378 ’π’
775 3325 801 3346 ”
846 3334 879 3389 ..2

1035 2897 1055 2962 ἶ
