2144 3420
389 151 481 217 ,aus
495 149 654 200 remmon.
779 191 782 195 .
906 149 954 198 eos

11 239 22 284 ¹.
109 223 248 280 Caedihus
265 228 295 281 ct
311 224 385 280 rictu
401 223 482 282 foedo
499 227 638 283 deterruit
652 225 784 296 Orpheus,

108 297 207 353 Dictus
225 299 260 353 ob
277 300 330 354 hoc
346 301 431 355 lenire
448 302 535 369 tigres
552 303 715 370 rabidosque
733 301 841 366 leones}

11 433 12 446 2
107 371 208 426 Dictus
225 377 254 428 ct
272 374 418 442 Amphion,
436 375 580 430 Thebanae
596 375 720 430 conditor
739 375 818 442 arcis,

106 446 181 501 Saxa
198 461 308 503 movere
324 465 390 503 sono
406 450 554 505 testudinis
571 453 601 506 et
616 467 698 519 prece
715 449 817 505 blanda
918 462 952 502 sss

106 519 217 576 Ducere
234 538 288 590 quo
304 523 394 578 vellet.
429 524 494 578 Fuit
510 525 578 579 haec
594 524 728 592 sapientia
743 523 889 593 quendem,

106 594 222 650 Publica
237 596 351 664 privetis
369 615 518 668 secernere,
536 615 613 654 sacra
629 599 756 668 profanis,

105 669 260 724 Concubitu
277 671 421 738 prohibere
438 689 513 740 vago,
531 673 597 727 dare
608 673 675 740 jura
690 673 801 740 mefitis,

105 742 216 812 Oppida
233 745 329 813 moliri,
346 746 420 814 leges
437 748 556 801 incidere
572 748 660 814 lign03

102 816 150 872 Sic
167 818 253 872 honor
269 823 299 874 et
315 836 413 874 nomen
431 823 530 875 divinis
546 823 653 876 vatibus
670 825 754 890 atquo
913 829 947 867 ⁴⁰⁰
1001 869 1021 882 a

104 889 278 946 Carminibus
294 895 376 948 venit.
411 895 479 948 Post
495 897 545 949 hos
561 897 673 962 insignis
691 893 828 949 Homerus

103 964 291 1036 Tyrtaeusque
308 984 398 1022 mares
415 971 518 1023 animos
534 971 563 1022 in
581 969 681 1022 Martia
697 970 770 1022 bella

102 1037 237 1095 Versibus
254 1044 376 1107 exacuit3
394 1043 485 1097 dictae
501 1061 552 1112 per
569 1044 686 1096 carmina
703 1048 804 1108 sortcs3

101 1111 141 1168 Et
157 1115 230 1169 vitae
247 1121 397 1170 monstrata
413 1118 457 1170 via
473 1121 531 1182 est;
548 1121 578 1171 et
592 1119 681 1185 gratia
697 1133 792 1184 regum

101 1181 202 1243 Pieriis
218 1193 327 1245 tentata
342 1192 445 1257 modis3
463 1193 597 1261 ludusque
615 1196 740 1262 repertus
911 1207 945 1245 oe

101 1263 140 1317 Et
158 1263 298 1332 longorum
316 1283 428 1334 operum
446 1268 520 1322 linis:
536 1285 571 1321 ne
589 1267 660 1322 forte
676 1267 773 1336 pudori

102 1337 213 1400 silubr
230 1340 314 1409 Musa
324 1341 399 1412 iprae
416 1342 558 1408 sollerset
574 1347 668 1395 cantor
685 1344 791 1409 Apollo.

101 1411 128 1464 N
130 1416 210 1467 utura
226 1414 307 1468 fieret
323 1413 459 1468 laudabile
476 1431 584 1468 carmen
602 1431 636 1468 en
653 1419 713 1468 arte

102 1487 262 1550 Quaesitum
280 1492 335 1542 est:
354 1506 404 1556 ego
421 1505 471 1542 nco
488 1489 608 1542 studium
626 1489 683 1542 sine
700 1488 786 1542 divite
802 1504 871 1542 vena

86 1560 161 1615 'Nee
177 1562 247 1616 rude
265 1563 331 1630 quid
347 1564 433 1632 possit
449 1563 529 1616 video
545 1563 700 1630 ingenium3
716 1561 830 1616 alterius
845 1562 885 1614 sic
908 1576 944 1614 llo

102 1637 200 1690 Altera
215 1638 303 1705 poscit
320 1655 399 1706 opem
417 1654 462 1691 res
478 1642 508 1692 et
524 1638 649 1705 conjurat
665 1638 757 1692 amice.

102 1711 154 1773 Qui
172 1711 268 1765 studet
284 1717 406 1780 optatum
423 1728 503 1765 cursu
520 1712 678 1778 contingere
694 1716 796 1764 metam
829 1735 835 1749 ·

100 1785 191 1839 Multa
209 1787 274 1841 tulit
292 1787 412 1856 fecitque
429 1802 505 1855 puer,
523 1785 631 1839 sudavit
649 1789 679 1840 et
695 1786 764 1851 alsit

12 1887 15 1899 ι
101 1859 244 1914 Abstinuit
261 1877 360 1915 venere
377 1865 407 1914 et
423 1861 503 1926 vine;
521 1860 569 1928 qui
581 1859 679 1928 Pythia
690 1862 783 1914 contat

100 1933 212 1988 Tibicen
229 1935 326 1990 didicit
342 1935 615 2002 prius'extimuitque
631 1935 796 2000 magistrum
909 1945 943 1986 ns

99 2009 160 2068 Neo
177 2010 244 2066 satis
261 2013 305 2064 est
322 2009 436 2063 dixisse:
455 2009 535 2076 “Ego
552 2009 622 2062 mire
637 2013 764 2077 poemata
779 2024 884 2078 pango:

99 2081 223 2152 Occupet
240 2087 393 2138 extremum
410 2082 527 2148 scabiem
543 2082 609 2136 mihi
625 2087 707 2151 turpe
724 2083 839 2151 relinqui
857 2085 900 2136 cst

99 2157 138 2211 Et
154 2157 228 2224 quod
245 2174 299 2211 non
316 2158 401 2212 didici
417 2174 482 2212 sane
498 2158 603 2211 nescire
619 2157 720 2212 fateri!¹
744 2183 748 2192 ·

99 2232 141 2286 Ut
157 2249 263 2300 praeco,
281 2233 318 2286 ad
334 2249 438 2286 merces
455 2231 565 2285 turbem
582 2232 630 2300 qui
647 2232 721 2298 cogit
737 2229 874 2298 emendas,

100 2309 294 2361 Assentatores
306 2307 390 2375 jubet
406 2307 443 2360 ad
459 2306 564 2360 lucrum
580 2305 622 2360 ire
638 2311 720 2374 poete
909 2324 945 2362 lm

98 2381 185 2435 Dives
201 2382 280 2450 agris,
299 2381 374 2435 dives
391 2381 487 2450 positis
503 2381 532 2434 iu
548 2380 641 2434 fenore
658 2381 781 2433 nummis

98 2455 130 2508 Si
147 2471 210 2510 vero
228 2458 271 2510 est
288 2458 400 2508 unctum
417 2455 465 2523 qui
481 2457 558 2513 recte
573 2469 675 2521 ponere
691 2455 778 2520 possit

98 2530 138 2583 ut
155 2529 288 2598 spondere
305 2529 358 2584 leri
374 2543 425 2599 pro
441 2545 561 2602 paupere
579 2531 608 2582 et
625 2528 732 2596 eripere
748 2529 816 2582 atris

98 2603 208 2656 Litibus
225 2604 393 2672 implicitum,
410 2601 569 2658 miraborsi
587 2602 654 2656 sciet
670 2603 754 2656 inter-

98 2678 127 2731 N
129 2693 220 2732 escere
236 2679 395 2732 mendacem
412 2693 561 2744 verumque
578 2676 675 2730 beatus
692 2677 817 2732 amicum.
910 2689 944 2728 las

99 2752 142 2805 Tu
158 2767 207 2806 seu
223 2751 334 2806 doneris
352 2768 400 2806 seu
417 2751 485 2818 quid
502 2751 604 2804 donare
620 2751 695 2806 uoles
711 2751 762 2812 cui.

98 2826 127 2880 N
128 2825 193 2880 olito
209 2825 247 2880 ad
264 2843 357 2880 versus
374 2824 528 2886 tibiiectos
546 2824 646 2879 ducere
662 2825 771 2894 plenum
794 2853 799 2862 ·

98 2901 249 2973 Laetitiam
266 2900 394 2955 clamabit
409 2901 482 2958 euim
500 2899 629 2956 Pulchre!
648 2899 733 2954 bene!
752 2901 841 2958 rcotel

97 2975 235 3034 ¹Pellescct
252 2976 400 3044 superbis,
417 2977 501 3032 etiam
518 2974 634 3029 stillabit
651 2975 743 3028 amicis

99 3049 143 3103 lix
160 3050 243 3104 oculis
260 3067 357 3119 rorem,
375 3052 462 3118 saliet,
479 3050 580 3106 tundet
597 3048 668 3118 pede
684 3053 795 3106 terram.
909 3061 944 3100 seo

99 3123 142 3179 Ut
158 3125 205 3194 qui
221 3126 349 3181 conducti
365 3126 474 3196 plorant
488 3126 518 3180 iu
534 3126 628 3198 funere
646 3123 741 3180 dicunt
