2126 3410
397 147 550 196 anm}
568 146 696 196 FLACoI

186 229 283 283 Setosa
301 226 379 280 duris
397 241 498 279 eruere
515 225 632 292 pellibus
946 242 971 283 ιε

187 299 331 356 Laboriosi
349 301 467 367 remiges
485 301 578 354 Ulixei

186 376 305 430 Volente
323 375 402 430 Circa
418 375 555 439 membra;
577 377 642 428 tunc
659 391 735 428 mens
752 377 782 428 et
799 390 881 428 sonus

187 451 321 518 Relapsus
339 453 422 518 atque
438 452 520 504 notus
536 449 565 502 in
582 449 674 502 unus
691 449 783 504 honor.

187 525 260 580 Dedi
279 525 346 578 satis
364 540 499 593 superque
516 539 665 594 poenarum
683 523 741 588 tibi,

187 601 289 654 Amata
306 599 396 652 nautis
413 599 529 652 multum
546 602 576 652 ot
592 597 770 652 institoribus

188 674 271 742 Fugit
284 673 414 740 juventas
432 676 461 726 et
478 671 647 726 verecundus
665 669 738 722 color

189 749 312 817 Reliquit
329 764 390 802 ossa
406 747 478 816 pello
495 746 595 800 amicta
611 745 714 809 lurida;

188 822 252 876 Tuis
269 823 382 892 capillus
399 821 477 876 albus
494 825 537 876 est
554 820 700 884 odoribus;

177 897 213 950 ¹il
216 897 301 950 ullum
319 897 354 950 ab
371 896 465 950 labore
481 912 527 950 me
544 895 659 950 reclinat
675 895 775 961 otium;

188 973 277 1040 Urget
295 971 368 1025 diem
385 989 440 1026 nox
457 975 487 1026 et
504 971 563 1025 dies
579 975 695 1037 noctem,
712 985 801 1038 neque
819 971 862 1023 ost
903 999 906 1002 ·

188 1047 292 1102 Levare
309 1051 388 1101 tenta
406 1047 503 1116 spiritu
519 1045 684 1114 praecordia

189 1123 262 1191 Ergo
279 1126 407 1190 negatum
425 1123 517 1175 vincor
533 1125 566 1175 ut
583 1121 693 1174 credam
710 1120 795 1174 miser

189 1198 297 1258 Sabella
312 1201 409 1266 pectus
426 1197 565 1264 increpare
583 1195 703 1249 carmina

189 1273 333 1342 Caputque
351 1273 443 1326 Marsa
460 1271 579 1324 dissilire
595 1271 683 1324 nenia

189 1349 262 1412 Quid
279 1347 394 1416 amplius
411 1349 471 1401 visl
507 1346 531 1399 Ο
549 1363 631 1412 mare,
650 1363 666 1399 ο
682 1349 764 1413 terra,
782 1344 872 1413 ardeo,

190 1424 327 1486 Quantum
344 1439 432 1492 nequo
450 1425 510 1476 atro
527 1422 664 1475 delibutus
683 1421 817 1474 Hercules

189 1499 271 1553 Nessi
287 1515 389 1565 cruore,
407 1514 458 1551 nec
476 1497 572 1551 Sicana
588 1495 692 1548 fervida

190 1574 289 1627 Virens
306 1575 335 1627 in
352 1575 444 1627 Aetna
462 1573 586 1636 damma3
609 1574 641 1624 tu
659 1571 744 1623 donec
761 1569 828 1622 cinis

190 1648 332 1716 Iniuriosis
348 1648 441 1702 aridus
459 1647 547 1700 ventis
564 1647 636 1700 ferar

192 1723 270 1778 Gales
287 1723 399 1776 venenis
416 1722 521 1775 officina
539 1720 677 1775 Colchicis.
786 1723 789 1728 ‘

191 1798 267 1862 Quae
283 1797 345 1850 finis
362 1799 410 1850 aut
427 1795 501 1864 quod
518 1811 562 1849 me
579 1798 672 1848 manet
689 1793 871 1862 stipendiumi

191 1873 295 1936 Effaro;
314 1872 405 1940 jussas
423 1887 484 1924 oum
501 1870 557 1924 fide
573 1886 674 1938 poenas
691 1869 771 1937 luam,

191 1946 307 2001 Paratus
324 1947 441 2014 expiare,
459 1962 507 2000 sou
523 1945 678 2014 poposceris

191 2022 308 2076 Centum
321 2020 460 2088 juvencos,
478 2021 535 2074 sive
551 2019 675 2074 mendaci
692 2018 750 2086 lyra

190 2096 275 2150 Voles
292 2095 398 2150 sonori:
421 2096 463 2148 Tu
479 2095 584 2164 pudica,
601 2099 633 2148 tu
649 2094 736 2161 proba
830 2153 833 2159 Δ

191 2169 397 2224 Perambulabis
414 2173 488 2224 astra
505 2170 580 2224 sidus
597 2185 716 2222 aureum.

192 2245 305 2300 Infamis
323 2245 447 2298 Helenae
465 2245 560 2298 Castor
577 2245 693 2298 offensus
710 2243 796 2296 vicem

192 2321 344 2389 Fraterque
361 2321 452 2387 magni
470 2320 589 2374 Castoris
606 2319 672 2373 victi
689 2334 770 2387 prece
863 2342 867 2350 ·

193 2396 333 2464 Adempta
349 2395 406 2448 vali
422 2394 569 2448 reddidere
585 2394 694 2447 lumina.

192 2473 230 2526 Et
247 2475 286 2540 tu,
302 2473 382 2539 potes
398 2487 468 2536 nm,
487 2469 559 2523 solvo
576 2483 620 2522 me
639 2467 785 2535 dementia,

193 2546 217 2598 0
234 2561 285 2599 nec
300 2544 423 2613 paternis
439 2544 561 2598 obsoleta
578 2543 711 2610 sordibus,
763 2577 765 2582 -

193 2619 339 2688 usquein
357 2619 486 2687 sepulcris
503 2634 652 2687 pauperum
670 2617 791 2686 prudens
809 2631 875 2670 anus

193 2694 220 2748 N
222 2693 376 2748 orendiales
393 2692 525 2762 dissipare
542 2692 675 2762 pulveres.

194 2767 255 2823 Tibi
271 2767 405 2838 hospitale
422 2771 517 2836 pectus
535 2771 565 2821 et
580 2783 664 2834 purae
681 2781 783 2830 manus,

194 2843 321 2910 'suusque
338 2845 435 2895 venter
452 2841 634 2907 Pactumeius,
652 2845 681 2892 et
698 2845 747 2892 tuo

194 2917 297 2970 (liuore
314 2915 412 2968 rubros
430 2915 565 2968 obstetrix
581 2930 683 2980 pannos
701 2913 775 2979 lavit,

194 2989 341 3056 Utcunque
357 2989 436 3041 fortis
453 2988 545 3040 exsilis
561 3003 702 3055 puerpera.
765 3018 769 3026 -

230 3060 302 3122 Quid
319 3060 453 3114 obseratis
470 3062 580 3114 auribus
598 3061 689 3113 fundis
706 3063 820 3129 preccsl

195 3130 258 3188 Non
276 3149 341 3186 saxa
357 3133 437 3186 nudis
454 3134 578 3187 surdiora
595 3134 694 3188 navitis
