2144 3420
377 193 591 258 sarranann
608 193 645 241 n.
664 193 688 244 a
920 195 966 244 na

9 319 10 330 a
110 259 305 342 uapncorqle
323 271 401 327 dabit
418 273 489 326 risus
507 275 606 328 Nasica
625 271 753 326 Corano?
846 277 849 284 '

112 349 214 402 “Num
231 349 318 401 inrisl
335 365 370 401 an
387 348 509 416 prudens
525 341 597 403 ludis
615 367 660 404 me
677 350 792 404 obscura
809 351 965 407 canendol’·

112 423 164 476 “O
185 423 339 489 Laertiade,
357 423 491 493 quidquid
508 425 596 478 dicam
614 429 662 479 aut
680 426 733 479 erit
749 429 798 479 aut
815 443 885 482 non:

112 498 247 552 Divinare
265 499 365 552 ct'enirn
383 515 499 568 magnus
516 501 583 552 mihi
601 500 686 554 donat
705 501 826 568 Apollo.”
941 517 965 564 aa

114 574 215 637 “Quid
233 577 324 627 tamen
342 574 397 627 ista
413 574 480 628 velit
497 575 548 628 sibi
566 575 665 642 fabula,
685 575 707 628 si
725 574 796 640 licet,
814 575 888 628 ede.''

113 649 274 717 “Tempore
291 665 345 716 quo
359 649 470 715 juvenis
488 650 596 703 Parthis
613 650 773 719 horrendus,
791 649 827 705 ab
844 651 900 704 alto

114 724 274 778 Demissum
292 741 378 791 genus
398 725 501 789 Aenea,
518 725 618 778 tellure
635 725 760 794 marique

115 799 235 867 Magnus
253 799 313 866 erit,
331 799 396 853 lorti
414 799 499 852 nubet
515 816 628 868 procera
646 800 752 854 Corano

114 874 189 928 Filia
202 874 323 928 Nasicae
340 875 488 928 metuentis
505 875 622 928 reddere
640 875 753 930 soldum.
944 892 967 934 aa

116 949 187 1002 'l'urn
204 966 290 1018 gener
307 950 357 1003 hoc
375 950 471 1003 faciet:
489 949 596 1003 tabulas
614 965 706 1003 socero
724 949 801 1004 dabit
818 954 903 1019 atque

115 1024 159 1078 Ut
179 1024 254 1093 legat
272 1025 376 1090 orabit;
394 1025 510 1078 multum
528 1025 628 1078 Nasica
644 1029 756 1092 negatas

116 1100 245 1168 Accipiet
262 1101 374 1154 tandem
392 1104 422 1154 et
439 1101 538 1154 tacitus
555 1100 636 1168 leget,
653 1100 828 1170 invenietque

116 1175 166 1228 n'il
184 1175 237 1229 sibi
255 1174 376 1244 legatum
393 1180 503 1243 praeter
519 1175 627 1242 plorare
644 1176 760 1242 suisque.

116 1251 193 1304 Illud
211 1251 247 1304 ad
264 1251 332 1304 haec
342 1249 419 1318 jube
437 1250 559 1304 :mulier
577 1251 600 1303 si
616 1251 688 1303 forte
706 1251 799 1322 dolosa
820 1283 823 1288 ·
944 1267 967 1306 an

117 1327 282 1380 Libertusve
300 1343 392 1379 senem
411 1325 526 1378 delirum
547 1329 690 1393 temperet,
708 1325 761 1378 illis

117 1401 244 1454 Accedes
262 1401 363 1465 sccius;
380 1399 483 1467 laudes,
501 1399 619 1453 lauderis
636 1406 668 1453 nt
685 1400 789 1454 absens.

117 1475 244 1544 Adjuvat
261 1475 311 1528 hoc
328 1478 443 1544 quodue,
462 1475 511 1528 scd
528 1475 611 1527 vincit
628 1475 707 1542 longe
725 1475 801 1543 pn'us
818 1475 907 1543 ipsum

117 1552 283 1619 Expugnare
300 1553 388 1618 caput.
424 1550 531 1604 Scribet
548 1551 618 1602 aiala
635 1549 754 1603 carmina
771 1566 879 1604 vecors:

117 1626 251 1680 Laudato.
286 1619 425 1678 Scortitm
443 1626 508 1680 erit:
526 1631 637 1678 cavete
655 1628 747 1692 roget;
764 1625 837 1678 ultro
943 1641 967 1680 rr

118 1701 285 1769 Penelopam
302 1700 389 1754 facins
406 1701 505 1769 potiori
523 1700 624 1766 tradet*
655 1700 817 1754 “Putasnei

114 1777 237 1830 Perduci
254 1775 357 1844 poterit
374 1780 431 1828 tam
449 1775 520 1842 frugi
538 1779 650 1844 tamque
667 1775 774 1843 pudica,
829 1835 831 1844 Ι

117 1852 208 1915 Quam
224 1851 355 1919 nequiere
372 1851 446 1919 proci
464 1855 540 1904 recto
558 1851 696 1919 depellere
714 1849 828 1904 cursui”

117 1927 227 1980 “Venit
240 1927 317 1992 ‚enirn
335 1943 463 1993 magnum
481 1925 599 1978 donandi
616 1942 698 1994 parca
710 1925 850 1996 juventus,

117 2002 179 2056 Nec
196 2005 304 2055 tantum
323 2002 435 2068 veneris,
454 2005 585 2068 quantum
603 2001 724 2054 studiosa
740 2001 852 2056 culinae.
943 2019 968 2058 aa

117 2077 164 2130 Sic
180 2077 232 2130 tibi
250 2076 386 2143 Penelope
404 2077 475 2142 frugi
494 2079 544 2142 est,
563 2092 633 2144 quae
651 2075 673 2129 si
691 2077 775 2130 semel
792 2093 846 2130 unc

117 2153 163 2206 De
180 2169 244 2206 sene
261 2152 380 2219 gustarit
397 2155 489 2204 tecum
507 2152 608 2218 partita
625 2150 760 2220 lucellum,

117 2228 160 2280 Ut
177 2229 251 2281 canis
269 2244 286 2280 a
302 2227 375 2280 corio
392 2235 531 2295 nunquam
548 2225 747 2279 absterrebitur
763 2230 852 2282 uncte.
901 2241 903 2246 ·

117 2303 166 2356 Me
179 2319 244 2356 sene
256 2303 330 2372 quod
342 2302 430 2355 dicam
443 2302 545 2354 iactum
558 2305 614 2354 est:
632 2318 699 2354 anus
710 2302 833 2372 improba
845 2302 943 2357 Thebis

117 2379 161 2432 Er
178 2382 343 2432 testamento
361 2377 399 2430 sic
418 2381 460 2430 est
477 2377 562 2430 elata:
581 2377 697 2430 cadaver
830 2421 833 2426 ,
943 2391 966 2432 aa

116 2455 239 2507 Unctum
257 2453 316 2506 oleo
333 2453 409 2521 largo
426 2453 508 2506 nudis
525 2452 645 2505 humeris
663 2451 727 2506 tulit
742 2451 828 2521 heres,

116 2529 228 2583 Scilicet
245 2528 316 2582 elabi
334 2529 357 2581 si
375 2530 468 2596 posset
485 2531 608 2592 mortua3
625 2527 707 2581 credo

117 2604 199 2667 Quod
216 2603 328 2656 ninnium
346 2603 486 2656 institerat
503 2603 612 2656 viventi.
648 2603 751 2656 Cautus
768 2603 857 2658 adito:

115 2679 182 2733 b'cu
199 2679 272 2732 desis
290 2694 389 2747 operae
405 2695 474 2731 neve
490 2678 684 2744 immoderatus
699 2677 828 2731 abundes

115 2754 263 2808 Difficilem
281 2759 311 2806 et
328 2769 464 2805 morosum
482 2753 602 2806 offendet
618 2752 742 2819 garrulus
759 2753 847 2817 ultro;
941 2767 966 2808 ω

17 2853 22 2864 ·
114 2831 143 2884 N
145 2847 180 2882 on
199 2829 282 2882 etiarn
300 2828 387 2882 sileas.
422 2827 515 2880 Davus
533 2827 571 2880 sis
588 2827 705 2880 comicus
722 2832 805 2895 atque

114 2905 181 2960 Stes
198 2905 288 2972 capite
306 2903 422 2972 obstipo,
439 2902 555 2954 multum
575 2901 669 2954 similis
689 2901 828 2956 metuenti.

115 2980 256 3050 Obsequio
273 2995 398 3047 grassare
407 3000 414 3043 ;
431 2994 518 3042 mone,
537 2976 559 3030 si
577 2977 711 3030 increbuit
728 2993 801 3044 aura,

115 3056 220 3110 Cautus
237 3056 279 3109 uti
296 3055 370 3108 velet
388 3070 479 3107 carum
497 3056 593 3120 caput;
611 3051 724 3106 extrahe
742 3051 824 3105 turba

115 3131 257 3199 Oppositis
274 3129 411 3191 humeris;
429 3144 522 3180 aurern
539 3126 693 3192 substringe
711 3125 824 3193 loquaci.
941 3137 969 3180 aa

115 3203 294 3274 Importunas
312 3207 386 3258 anat
403 3200 523 3264 laurlam
540 3199 625 3254 donec
643 3200 703 3253 Ohe
715 3199 792 3268 jani!
