2144 3420
136 143 181 198 178
205 203 207 210 Ι
405 141 560 192 HORATII
577 142 706 192 Fusco!

132 222 220 286 Quem
233 220 285 276 nisi
303 221 463 276 mendosum
479 221 508 276 et
524 215 732 278 medicandum?
768 223 820 277 Vir
835 221 925 278 bonus
941 227 989 278 est
1063 268 1064 286 r

67 319 72 326 ¹
133 297 187 361 Qui
204 298 327 351 consulta
344 300 462 366 patrum,
479 297 527 366 qui
544 295 619 365 leges
632 294 752 366 juraque
770 301 868 365 servat,
892 298 991 368 [quiet

134 371 194 435 Quo
211 372 314 426 multae
332 389 501 440 magnaeque
518 377 646 428 secantur
662 370 757 442 judice
775 375 844 442 lites,
921 370 930 377 ”
1063 377 1064 394 t

135 447 195 511 Quo
213 464 258 500 ree
276 464 404 516 sponsore
416 451 452 502 ‘et
469 465 523 516 quo
541 463 638 502 causae
655 451 728 502 teste
746 453 883 504 tenentur.

135 522 192 575 Sed
209 522 285 578 videt
301 523 373 576 hune
390 523 477 576 omnis
495 523 593 576 domus
610 526 640 576 et
657 523 755 577 vicinia
772 527 835 593 tota

137 597 290 651 introrsum
307 601 424 666 turpem,
442 599 594 666 speciosum
611 597 683 666 pelle
702 598 806 653 deeora
965 617 993 656 rs

135 672 216 726 “Nee
233 673 338 726 furtum
355 673 407 726 feci
424 689 475 726 nee
493 673 572 740 fugi,''
591 673 615 726 si
632 672 698 726 mihi
715 673 789 727 dicat

137 747 245 816 Servus,
264 747 379 802 “Hebes
396 749 524 817 pretium,
541 747 607 800 loris
624 764 679 800 non
696 748 805 816 ureris,”
823 749 873 804 aio.
895 801 903 818 ,

137 823 153 849 “
157 823 183 875 N
185 839 220 876 on
231 823 368 878 hominem
379 822 487 876 oeeidi''
524 822 607 875 “Non
618 837 713 890 pasees
723 823 752 875 in
763 839 843 876 eruce
854 825 979 878 corvos.”

6 897 153 958 --x-J‘„
159 898 225 952 Sum
242 897 329 952 bonus
347 901 377 952 et
393 897 487 965 frugi?
522 897 645 950 “Renuit
661 898 820 967 negitatque
838 899 965 953 Sabellus
969 921 1064 982 εχ

138 972 242 1028 Cautus
260 973 332 1028 enim
349 973 449 1027 metuit
465 973 571 1026 foveam
589 972 669 1040 iupus
686 974 867 1042 aecipiterque
961 989 991 1030 sa

138 1048 284 1116 Suspectes
301 1048 412 1116 laqueos
430 1051 459 1102 et
476 1051 601 1114 opertum
619 1047 718 1100 miluus
736 1048 852 1102 hamum.

138 1122 265 1178 Oderunt
281 1140 395 1193 peceare
412 1123 477 1176 boni
494 1121 604 1176 virtutis
621 1139 727 1188 amore;

138 1199 180 1252 Tu
196 1199 263 1252 nihil
281 1199 411 1252 admittes
428 1198 456 1251 in
474 1201 504 1251 te
521 1197 665 1252 formidine
682 1214 799 1266 poenae:
846 1236 850 1246 ·

139 1273 182 1327 Sit
198 1289 262 1342 spes
279 1272 397 1339 fallendi,
414 1271 540 1326 miscebis
558 1289 635 1326 secra
650 1274 784 1340 profanis;

138 1349 211 1404 Nam
228 1348 263 1402 de
280 1348 354 1402 mille
372 1347 451 1401 fabae
467 1347 567 1400 modiis
584 1364 646 1400 cum
664 1350 777 1418 surripis
795 1367 886 1418 unum,
961 1365 990 1406 σε

139 1424 275 1478 Damnum
292 1427 335 1478 est
352 1439 406 1476 nan
422 1421 527 1476 facinus
544 1423 610 1475 mihi
628 1428 708 1492 pacto
725 1425 813 1478 lenius
830 1425 905 1478 ist0.''

139 1499 191 1553 Vir
201 1499 296 1566 bonus,
308 1515 387 1552 omne
398 1497 487 1551 forum
499 1513 581 1565 quem
593 1501 700 1566 spectat
711 1502 740 1552 et
752 1516 832 1554 omne
843 1500 974 1569 tribunal,

79 1616 87 1630 .
140 1575 360 1642 Quandocunque
378 1573 444 1627 deos
460 1572 503 1626 vel
520 1588 601 1640 porco
618 1573 660 1626 rel
678 1573 747 1628 bove
764 1576 859 1644 placet,

139 1650 210 1703 Jane
227 1654 320 1720 pater!
339 1648 418 1714 clare,
437 1647 509 1700 clare
527 1663 588 1700 eum
605 1647 683 1715 dixit,
703 1650 815 1717 Apollo!

140 1724 229 1779 Labra
246 1727 337 1777 movet
354 1726 478 1786 metuens
496 1721 599 1796 tudini:
620 1723 755 1777 “Pulchra
773 1725 902 1794 Lauerna,
959 1748 985 1786 ω
1064 1743 1065 1784 3

140 1799 184 1851 Da
200 1799 267 1853 mihi
284 1798 385 1863 fallere,
402 1798 439 1851 da
451 1796 529 1864 juato
547 1799 695 1866 sanctoque
712 1799 807 1867 videri,
909 1801 916 1810 ⁴
1064 1805 1065 1812 ’

139 1873 255 1927 Noctem
272 1873 390 1942 pereatis
407 1875 437 1926 et
453 1871 595 1926 fraudibus
612 1872 701 1940 objice
718 1873 840 1929 nubem.”

140 1947 192 2011 Qui
209 1948 304 2002 melior
321 1963 406 2015 servo,
425 1947 472 2015 qui
489 1946 600 2000 liberior
617 1947 655 2002 sit
671 1964 775 2016 avarus,

140 2021 175 2076 In
191 2022 287 2078 triviis¹
297 2022 382 2076 fixum
400 2039 462 2074 eum
479 2038 509 2074 ae
527 2021 649 2076 demittit
666 2021 702 2076 ob
719 2039 813 2093 essem,

139 2097 166 2151 N
168 2113 203 2150 on
219 2096 313 2161 videm
330 2113 394 2149 nam
412 2097 460 2164 qui
477 2097 569 2164 cupiet
586 2100 691 2152 metuet
707 2115 831 2168 quoque3
848 2115 938 2171 porro,
961 2119 988 2158 es
1064 2145 1065 2148 η

139 2172 193 2236 Qui
210 2175 336 2225 metuens
353 2171 427 2224 vivet
444 2170 513 2224 liber
530 2171 596 2226 mihi
613 2179 672 2226 non'
685 2174 739 2228 erit
756 2191 882 2244 unquam

140 2245 266 2304 Perdidit
282 2263 365 2312 arma,
382 2245 470 2300 losum
488 2246 599 2300 virtutis
616 2247 746 2316 deseruit,
765 2252 811 2318 qui

140 2321 254 2390 Semper
270 2321 297 2375 in
316 2321 441 2389 augenda
457 2321 569 2375 festinat
586 2325 616 2376 et
633 2321 758 2378 obmitur
775 2341 812 2378 re.

140 2397 268 2450 Vendere
286 2413 347 2456 cum
365 2395 606 2465 possiseaptivum
623 2397 747 2452 decidere
764 2400 834 2465 noli;

140 2473 247 2526 Serriet
264 2472 383 2526 utiliter:
402 2472 460 2524 sine
478 2474 572 2540 paseat
589 2471 674 2526 durus
692 2478 814 2542 aretque,
898 2521 902 2530 .
962 2491 987 2539 za

140 2547 259 2614 Naviget
275 2562 308 2599 ae
325 2545 422 2600 mediis
439 2545 542 2600 hiemet
559 2550 693 2601 mercator
710 2548 738 2601 in
756 2549 851 2616 undie;

140 2624 273 2675 Annonaa
289 2621 391 2689 prosit;
407 2623 500 2689 portet
516 2621 653 2676 frumenta
669 2638 816 2691 penusque.

139 2695 192 2750 Vir
208 2696 296 2750 bonus
313 2698 342 2750 et
360 2696 467 2765 sapiens
485 2695 598 2750 audebit
616 2697 722 2754 dicere:
741 2698 896 2767 “Pentheia

140 2771 242 2824 Rector
259 2769 422 2842 Thebarum,
440 2771 508 2838 quid
525 2787 569 2824 me
587 2772 709 2839 perferre
726 2773 840 2843 patique
869 2831 872 2838 ,

141 2844 288 2912 Indignum
295 2845 410 2911 eogest”
423 2845 572 2898 “Adimam
581 2845 673 2900 bona''
686 2843 813 2918 “Nempe
819 2866 909 2918 pecus,
917 2867 985 2918 rem,

140 2916 245 2983 Lectos,
263 2920 423 2985 argentumr
441 2918 522 2972 tofles
538 2919 637 2982 lieet.”¹
660 2921 715 2976 “In
733 2923 845 2977 manicis
862 2928 892 2978 et
961 2941 984 2981 re

142 2988 326 3057 Compedibus
343 3008 424 3046 saevo
441 2995 472 3045 te
489 2992 539 3045 sub
556 2995 670 3049 custode
687 2997 809 3052 teneb0.'’

140 3060 227 3126 “Ipse
245 3062 313 3116 dens
330 3064 410 3118 simul
428 3069 511 3132 atque
528 3066 616 3120 volam
634 3085 678 3126 me
696 3071 803 3125 solvet.”
839 3071 943 3142 Opinon

141 3131 202 3183 Hoc
220 3135 316 3186 sentit:
337 3137 473 3200 “Mortem
490 3154 563 3192 mors
580 3140 677 3194 ultime
695 3142 766 3197 linea
784 3163 876 3201 rerum
895 3151 959 3204 est''
