2116 3424
393 153 547 205 HORATII
564 149 694 202 mccl

142 234 144 238 ’
259 239 410 304 Pauperem
434 233 572 288 laboribus

292 313 412 366 Vocatus
432 314 515 379 atque
535 325 589 362 non
606 309 717 363 voantus
735 304 820 360 audit
830 377 847 382 .,
954 319 982 364 to

258 535 399 590 Buconnns
419 533 448 586 in
468 531 581 584 remotis
599 527 719 583 earmina
735 523 848 594 rupibus

259 609 325 665 Vidi
344 605 625 663 dooentem—oredite
643 601 780 672 posteri-

292 684 485 754 Nymphasque
504 681 639 734 discentes
659 681 785 731 stauros

327 759 511 828 Oapripedum
532 758 689 823 Satyrorum
705 754 806 805 nautas.

259 833 462 903 moererent
481 848 557 886 mens
576 829 697 897 trepidat
717 830 793 880 metu
921 845 927 856 ·

259 909 397 978 Plenoque
416 907 515 974 Baoohi
526 908 642 976 ¹pentoma
661 901 814 956 turbidum*

292 986 430 1039 Laetatur.
466 985 548 1049 Euae,
568 993 649 1050 parce
668 977 759 1042 Liber,

261 1134 315 1190 ras
332 1101 484 1203 parvitates
502 1135 545 1187 ese
563 1129 630 1184 nun
648 1125 783 1196 nonaum

258 1209 379 1279 Vinique
396 1211 500 1264 fontem
517 1206 597 1260 iactis
616 1207 646 1258 et
660 1202 760 1256 uberes
814 1253 818 1262 ,

293 1286 412 1340 (tentare
432 1285 511 1352 rivos,
528 1286 611 1350 atque
629 1278 734 1334 truncis

328 1361 417 1429 Lapsa
434 1360 506 1414 oad's
523 1358 624 1412 iterare
642 1354 740 1418 mella3

259 1436 313 1493 Fas
331 1440 361 1490 et
379 1435 475 1490 beatae
493 1433 616 1501 conjugis
635 1429 759 1484 additum
880 1493 884 1501 ς

259 1513 351 1569 Steilis
369 1512 651 1578 honorem‚'teotaqua
672 1501 787 1558 Penthei

252 1609 255 1616 ¹
292 1587 417 1657 Disjeote
436 1601 490 1639 non
510 1584 565 1637 leni
582 1582 666 1648 uuna,

327 1661 437 1716 Thracis
455 1663 485 1714 et
505 1657 619 1712 exitium
638 1653 759 1724 Lycurgi

259 1737 300 1792 'fu
318 1737 404 1792 flectis
423 1751 524 1801 amnes,
543 1737 576 1787 tu
593 1747 668 1785 mare
688 1729 841 1797 barbarum,

258 1813 299 1867 'Pu
320 1811 450 1880 separatis
469 1809 566 1864 uvidus
584 1807 613 1861 in
630 1805 705 1874 jugis

199 1902 206 1914 ⁹
292 1887 373 1941 Nodo
393 1891 501 1940 coiiroes
518 1883 640 1952 viperino

327 1961 499 2016 Bistonidum
518 1959 575 2012 sine
592 1956 689 2010 fraude
709 1955 812 2010 crines:
947 1969 975 2007 so

258 2037 307 2104 Tu,
326 2053 385 2090 cum
404 2035 525 2104 ponentis
545 2049 629 2100 regna
646 2029 827 2099 perarduum

258 2111 361 2166 Cohors
382 2111 528 2177 Gigantum
549 2107 691 2162 scanderet
708 2105 798 2172 impia,

292 2187 429 2240 Rhoetum
449 2184 593 2238 retorsisti·
604 2182 690 2236 leonis

327 2261 470 2329 Unguibus
488 2259 664 2326 horribilique
684 2256 769 2322 mals3

257 2337 427 2406 Quamquam
447 2335 551 2390 choreis
570 2333 661 2402 aptior
677 2336 706 2386 et
722 2331 793 2401 jocis
947 2346 976 2388 25

257 2412 390 2480 Ludoque
411 2411 501 2464 dietus
521 2426 575 2462 non
594 2412 636 2462 sat
656 2409 770 2462 idoneus

291 2487 402 2558 Pugnae
422 2485 569 2540 ferebaris:
588 2484 638 2538 sed
650 2483 729 2538 idem

326 2563 404 2616 Paeis
422 2578 483 2614 eras
501 2560 662 2629 mediusque
682 2558 755 2616 belli

256 2635 295 2690 Te
317 2637 385 2692 vidit
404 2637 495 2691 insons
515 2635 649 2690 Cerberus
668 2651 750 2690 aureo

257 2711 348 2768 Cornu
369 2712 503 2780 deoornm,
523 2711 623 2766 leniter
641 2715 762 2765 atterens
946 2721 973 2763 to

290 2787 419 2857 Oaudam,
441 2792 470 2842 et
490 2787 643 2842 recedentis
660 2783 784 2851 trilingui

325 2861 381 2918 Ore
401 2863 486 2932 pedes
505 2863 652 2930 tetigitque
672 2875 758 2914 crura.

513 2998 574 3052 XX.

257 3077 322 3132 Nou
340 3082 441 3133 usitata
457 3096 508 3132 nee
526 3078 601 3130 tenui
619 3078 692 3132 ferar

259 3151 352 3206 Peuna
369 3153 491 3206 biformis
508 3169 559 3220 per
578 3153 711 3222 liquidum
728 3151 844 3210 aethera
