2126 3410
382 139 537 190 nonum
554 138 684 188 nuncin
794 187 796 192 Α

246 219 306 284 Quo
322 217 393 287 fugit
409 235 501 285 venus,
518 218 580 284 heu,
598 233 687 286 quove
704 217 797 273 colorl
815 219 915 277 decons

246 295 307 359 Quo
324 297 434 348 motusl
452 293 521 362 quid
536 293 621 346 habes
637 292 717 360 illius,
734 293 813 362 illius,

281 369 358 434 Quas
376 368 499 439 spirabat
515 381 630 435 amores,

315 445 392 509 Quae
408 460 454 497 me
471 445 617 510 surpuerat
633 441 708 510 mihi,
935 459 959 500 m

246 517 324 572 Felix
341 522 404 586 post
422 519 556 584 Cinaram,
573 520 692 586 notaque
709 519 739 570 et
756 518 856 571 amium

246 593 393 648 Graiarum
409 592 512 647 faciest
547 592 606 647 Sed
622 592 737 647 Cinarae
753 591 851 647 breves

282 670 379 722 Annos
396 669 454 722 fata
471 667 615 734 dederunt,

307 735 464 797 Bervatura
481 743 530 796 diu
546 757 640 811 parem

248 817 371 883 Cornicis
387 817 495 872 vetulae
512 816 682 885 temporibus
700 816 799 885 Lycen,
936 831 960 872 re

247 893 363 950 Possent
380 896 413 947 ut
425 893 543 961 juvenes
560 892 650 946 visere
666 891 767 945 fervidi

247 967 253 984 ²
281 968 370 1022 Multo
386 983 440 1020 non
457 967 516 1022 sine
532 965 591 1020 risu
795 965 799 974 “

315 1043 455 1112 Dilapsem
472 1042 501 1095 in
518 1042 623 1096 cineres
639 1041 736 1097 facem.

247 1262 329 1328 Quen
346 1280 411 1318 maro
427 1265 538 1332 patruni
556 1279 660 1333 quaeve
678 1262 828 1327 Quiritium

248 1338 341 1393 Pleuis
358 1339 490 1392 honorum
507 1338 664 1392 muneribus
681 1343 751 1407 tiras,

283 1415 417 1480 Auguste,
436 1413 553 1468 virtutes
570 1413 598 1465 in
615 1429 711 1467 aevum

319 1489 373 1541 Per
390 1488 485 1542 titulos
503 1504 691 1556 memoresque
708 1489 792 1544 iustos

248 1562 394 1629 Aeternet,
412 1578 428 1616 o
446 1579 501 1631 qua
518 1563 557 1616 sol
574 1562 736 1616 habitabiles
953 1578 967 1620 e

247 1637 373 1694 Illustrat
399 1653 461 1692 oras
477 1638 595 1692 maxime
611 1639 775 1706 principum?

283 1713 372 1778 Quem
390 1713 458 1780 legis
476 1715 604 1780 expertes
623 1711 737 1766 Latinae

320 1787 457 1842 Vindelici
474 1787 597 1842 didicere
613 1803 702 1855 nuper

247 1861 322 1928 Quid
340 1863 430 1917 Marte
446 1879 547 1931 posses.
582 1861 672 1916 Milite
690 1879 752 1916 nom
769 1865 819 1916 tuo

248 1936 356 1993 Drusus
375 1935 526 2004 Gemumos',
544 1937 720 2005 implacidum
737 1953 830 2006 genus,
938 1963 962 2004 10

284 2013 463 2082 Breunosque
480 2013 593 2080 veloces,
612 2014 641 2065 et
659 2027 734 2065 eroes

319 2087 437 2156 Alpibus
455 2088 596 2156 impositas
613 2085 767 2140 tremendis

250 2160 361 2230 Dejecit
377 2179 441 2217 ocor
458 2162 526 2231 plus·
536 2162 595 2219 uice
613 2161 746 2228 simplioi;

255 2236 349 2304 Major
365 2238 505 2292 Neronum
522 2253 585 2290 mox
603 2253 686 2304 graue
703 2235 836 2304 proelium

284 2312 427 2366 Commisit
444 2313 631 2380 immanesque
651 2311 752 2364 Raetos
940 2323 960 2365 u

318 2387 455 2455 Auspiciis
472 2387 578 2455 pepulit
596 2386 729 2452 secundis,

250 2460 422 2529 Spectandus
439 2462 468 2514 in
486 2461 633 2514 certamine
651 2459 761 2527 Martio,

249 2536 357 2590 Devota
373 2537 454 2590 morti
471 2539 581 2605 pectore
598 2535 701 2589 liberae

284 2611 399 2674 Quantis
416 2611 546 2679 fatigaret
563 2610 662 2673 ruinis;

320 2685 472 2738 Indomitas
489 2701 574 2754 propo
591 2683 679 2752 qualis
695 2683 784 2738 undas
945 2692 971 2731 ’θ

248 2758 366 2814 Exercet
384 2761 494 2827 Auster,
514 2760 658 2812 Pleiadum
677 2759 758 2812 choro

249 2835 397 2889 Scindente
414 2835 509 2901 nubes,
528 2834 644 2901 impiger
661 2833 781 2886 hostium

283 2907 392 2960 Vexare
409 2911 514 2960 turmas
532 2911 561 2960 et
578 2908 740 2960 frementem

318 2982 433 3034 Mittere
451 2997 550 3048 equum
568 2980 673 3032 medios
690 2998 740 3048 por
757 2981 842 3048 ignes

250 3051 296 3106 Sic
312 3055 477 3106 tauriformis
493 3053 610 3106 volvitur
628 3054 754 3118 Aufidus,

251 3123 304 3186 Qui
321 3141 406 3193 regna
424 3126 514 3178 Dauni
530 3125 657 3192 praefluit
676 3127 768 3194 Apuli,
