2144 3420
115 143 161 191 rai
388 145 541 196 HORATII
559 149 688 198 FLACCI

114 221 180 276 Post
196 221 265 277 haec
281 223 328 278 ille
345 229 422 280 catus
440 229 613 296 quantumvis
624 229 755 284 rusticus:
775 230 860 298 “Ibit

114 295 172 350 Ibit
190 313 223 351 eo
240 314 294 366 quo
311 299 352 352 vis
370 301 417 368 qui
434 319 529 356 zonam
546 303 691 372 perdidit‚”
710 304 805 373 inquit
940 317 978 362 st

115 370 218 427 Romae
235 375 335 428 nutriri
352 377 419 429 mihi
437 379 558 446 contigit,
576 384 660 448 atque
677 379 768 433 doceri
831 431 832 434 ,

115 447 208 502 Iratus
226 448 315 504 Graiis
333 455 465 519 quantum
482 454 619 518 nocuisset
639 454 766 509 Achilles.

116 523 252 590 Adjecere
269 523 355 579 bonae
372 528 454 596 paullo
470 528 532 596 plus
550 529 618 582 artis
636 528 770 592 Athenae,

116 597 225 654 Scilicet
241 603 274 654 ut
290 601 387 655 vellem
405 619 486 656 cumo
504 603 663 670 dignoscere
680 607 794 670 rectum,

116 675 210 743 Atque
227 674 300 729 inter
318 676 398 730 silvas
418 678 550 732 Academi
568 695 699 746 quaerere
717 695 819 734 verum.
943 695 971 735 ss

116 747 193 803 Dura
210 750 259 803 sed
277 767 402 805 emovere
419 753 477 806 loco
493 770 537 806 me
555 757 680 820 tempora
697 756 783 821 grato,

117 823 263 894 civilisque
280 825 377 879 rudem
395 826 460 880 belli
478 827 543 882 tulit
561 833 653 882 aestus
670 828 698 880 in
715 844 791 883 arma

116 899 240 954 Caesaris
259 902 377 970 Augusti
394 919 447 956 non
465 919 628 970 responsura
644 903 760 956 lacertis

116 975 197 1030 Unde
215 977 294 1030 simul
311 977 429 1045 primum
447 995 491 1031 me
509 977 636 1032 dimisere
655 977 782 1046 Philippi,

116 1049 222 1104 Decisis
239 1052 368 1105 humilem
386 1053 481 1120 pennis
498 1053 659 1122 inopemque
675 1053 784 1122 paterni
944 1069 971 1110 ω

116 1126 153 1180 lit
170 1127 234 1180 laris
252 1131 281 1180 et
298 1128 382 1192 fundi,
400 1133 548 1197 paupertas
564 1129 674 1196 impulit
691 1129 788 1196 audax,

115 1201 157 1256 Ut
174 1217 267 1256 versus
284 1203 414 1256 facerem:
432 1203 481 1256 sed
499 1203 573 1273 quod
589 1219 643 1256 non
661 1203 733 1258 desit
750 1204 916 1258 habentem·

116 1277 192 1342 Quae
208 1281 338 1346 poterunt
354 1294 473 1346 unquam
491 1279 558 1332 satis
576 1281 726 1348 expurgare
743 1279 854 1344 cicutae,

115 1351 142 1407 N
144 1354 153 1406 i
170 1353 266 1407 melius
284 1353 403 1407 dormire
419 1357 514 1422 putem
532 1370 614 1421 quam
631 1353 751 1408 scribere
768 1353 880 1407 versus?

116 1427 227 1496 Singula
244 1429 280 1482 de
296 1427 374 1482 nobis
391 1429 453 1481 anni
471 1429 639 1497 praedantur
656 1432 767 1494 euntes;
795 1453 797 1460 ·
939 1443 967 1484 5⁵

80 1501 81 1504 ’
115 1504 248 1572 Ilripuere
261 1504 345 1571 jocos,
363 1519 497 1570 venerem,
516 1504 645 1570 convivia,
663 1503 773 1568 ludum3
1008 1499 1011 1504 ’

115 1579 244 1634 'lendunt
261 1583 424 1646 extorquere
441 1583 581 1647 poemate3
599 1579 666 1646 quid
682 1579 779 1632 faciam
795 1579 854 1632 visi

115 1653 241 1722 Denique
258 1669 311 1708 nou
329 1671 423 1708 omnes
440 1653 536 1708 eadem
554 1654 687 1707 mirantur
704 1657 862 1721 amantque:

116 1730 241 1784 Carmine
258 1733 290 1784 tu
306 1729 418 1798 gaudes,
435 1729 479 1782 hic
497 1729 649 1784 delectatur
665 1729 770 1796 iambis,
1011 1785 1013 1788 ,

116 1805 167 1859 llle
185 1805 293 1859 Bioneis
311 1805 479 1858 sermonibus
497 1808 526 1858 et
545 1805 601 1858 sale
618 1805 703 1872 nigros
939 1819 968 1859 eo

115 1881 182 1935 'ires
199 1881 266 1934 mihi
283 1880 410 1934 convivae
427 1895 511 1948 prope
529 1879 674 1932 dissentire
691 1879 825 1946 videntur,

38 1943 49 1964 ⁸
116 1955 262 2010 Poscentes
279 1955 353 2009 sario
370 1955 487 2009 multum
505 1953 612 2007 diversa
629 1953 726 2022 palato.

116 2031 188 2096 Quid
200 2030 282 2084 demi
299 2029 366 2098 quid
377 2047 431 2084 uon
443 2029 523 2083 demi
540 2029 631 2082 renuis
643 2032 676 2082 tu
688 2029 761 2098 quod
769 2027 851 2096 jubet
863 2029 946 2096 alter;

116 2105 195 2171 Quod
212 2105 284 2174 petis
301 2105 332 2158 id
350 2121 414 2159 sane
432 2109 476 2158 est
492 2105 608 2158 invisum
627 2103 788 2172 acidumque
807 2103 920 2157 duobus.

67 2211 70 2218 ·
115 2182 229 2235 Praeter
246 2184 355 2234 caetera
372 2197 416 2232 me
434 2180 572 2232 Romaene
588 2183 715 2246 po'e‘mata
732 2193 826 2232 censes
938 2194 967 2235 σε

115 2257 240 2313 Scribere
258 2272 336 2324 posse
353 2255 426 2308 inter
442 2249 486 2308 tot
503 2271 581 2308 curas
600 2258 696 2322 totque
714 2253 837 2308 laboresl

116 2333 169 2388 Hic
187 2348 314 2402 sponsum
331 2334 416 2394 vocat,
434 2330 479 2382 hic
496 2329 619 2382 auditum
638 2329 739 2397 scripta
755 2327 858 2382 relictis

115 2409 248 2464 Omnibus
266 2406 359 2460 officiis
368 2426 374 2472 ;
391 2405 473 2458 cubat
490 2404 534 2458 hic
551 2405 580 2456 in
597 2404 664 2457 colle
684 2404 796 2471 Quirini,

116 2485 171 2540 Hic
188 2488 310 2538 extremo
327 2483 355 2535 in
374 2483 518 2547 Auenino,
536 2479 665 2533 visendus
683 2483 815 2547 uterquo;

115 2559 264 2614 Intervalla
280 2557 357 2611 vides
374 2556 491 2609 humane
509 2554 656 2608 commoda.
691 2553 796 2608 Verum
941 2569 967 2612 ro

115 2633 204 2690 Purae
223 2636 286 2688 sunt
301 2631 416 2702 plateae,
433 2629 501 2684 nihil
519 2634 550 2684 ut
567 2629 765 2684 meditantibus
782 2629 880 2684 obstet

115 2709 239 2766 Festinat
256 2707 359 2762 calidus
376 2706 456 2760 mulis
473 2705 630 2774 gerulisque
647 2703 813 2773 redemptor,

115 2785 236 2854 'lorquet
253 2799 324 2837 nune
340 2782 467 2850 lapidem,
485 2797 558 2834 nunc
574 2781 670 2848 ingena
689 2781 814 2834 machina
830 2781 946 2850 tignum,
979 2807 984 2814 ·

115 2858 215 2912 Tristia
231 2857 350 2911 robustis
368 2857 506 2910 luctantur
524 2857 619 2908 funera
636 2855 772 2924 plaustris,

117 2931 178 2985 Hae
194 2933 302 2986 rabiosa
317 2930 389 2998 fugit
405 2931 484 2996 cauis,
503 2931 554 2983 hac
571 2929 706 2984 lutulenta
724 2931 780 2985 ruit
798 2947 857 2986 sus:
938 2945 966 2988 π

117 3004 132 3058 I
150 3022 221 3058 nunc
238 3009 267 3058 et
284 3021 377 3058 versus
394 3008 485 3057 tecum
503 3003 637 3058 meditare
654 3021 773 3062 canoros.

117 3077 285 3144 Scriptorum
302 3078 398 3129 chorus
416 3079 501 3130 omnis
519 3082 592 3130 amat
609 3096 706 3132 nemus
724 3084 754 3134 et
771 3082 842 3149 fugit
859 3080 966 3152 urbem,

118 3147 183 3203 Rite
201 3149 284 3202 cliens
299 3149 400 3203 Bacchi
417 3167 510 3204 somno
526 3153 672 3220 gaudentis
689 3158 719 3210 et
737 3156 846 3214 umbra:
