2144 3420
372 165 585 216 SATIRARUM
601 163 639 214 Π.
658 163 681 214 l.
904 161 955 209 145

97 245 224 310 Quae-si
242 245 303 314 quis
321 233 402 298 sanus
419 245 485 298 fecit
502 261 584 298 sonus
601 243 668 298 focis
685 247 714 297 et
731 247 784 304 tut

13 297 15 382 Ι
94 322 169 374 Non
182 321 243 374 dico
255 319 417 373 horrendam
429 319 554 373 rabiem?
579 319 616 372 “J
619 337 662 372 am
675 319 793 372 desine.''
818 317 903 372 “cut
948 379 953 391 ⁸

13 383 15 456 i
100 397 242 464 Majorem
259 396 364 450 censu.''
399 395 531 462 “Tencm,
550 395 723 463 Damasippo,
741 394 796 448 tuis
814 394 864 448 te.”

101 471 202 524 “Mille
218 471 377 538 puellarum,
395 485 542 539 puerorum
559 470 633 522 mille
650 469 777 524 furores.’'
914 483 951 525 sa

13 583 14 604 2
101 547 148 598 “0
167 545 255 614 major
272 546 383 599 tandem
400 561 503 614 parcas,
520 547 622 613 insane,
640 545 737 598 minori
743 544 766 600 12'

501 689 553 744 IV.

13 829 14 832 Ἴ
101 768 209 822 “Urna
223 773 253 823 et
267 787 321 839 quo
338 769 464 826 Gatiusl”
499 771 546 824 “N
547 787 581 824 on
597 772 640 825 est
656 771 722 825 mihi
735 774 844 839 tempus
858 769 949 826 aventi

13 839 14 858 ³
102 843 211 897 Ponere
229 845 308 912 signa
324 848 401 899 novis
417 847 578 916 praeceptis,
596 847 687 915 qualia
703 847 813 900 vincant

102 917 277 987 Pythagoran
296 922 436 990 Anytique
453 939 530 975 reum
548 921 711 990 doctumque
731 922 867 977 Platona.”

103 993 271 1048 “Peccatum
288 996 375 1050 fateor
392 1013 453 1050 oum
470 1001 499 1050 te
517 997 555 1050 sic
571 1000 695 1064 tempore
712 997 789 1051 laevo
815 1008 818 1012 ’

103 1068 322 1138 Interpellarim;
340 1072 389 1125 sed
407 1072 456 1125 des
473 1072 579 1125 veniam
596 1071 683 1126 bonus
700 1088 754 1126 oro.
936 1089 950 1133 ι

104 1145 185 1208 Quod
203 1146 226 1198 si
243 1146 414 1201 interciderit
431 1148 482 1201 tibi
499 1163 569 1200 nunc
587 1147 689 1215 aliquid
706 1152 815 1216 repetes
832 1165 904 1217 mox,

103 1219 167 1274 Sive
185 1225 228 1274 est
245 1225 359 1280 natiuae
376 1222 427 1276 hoc
444 1223 500 1276 aive
517 1223 591 1288 artis,
609 1223 694 1276 mirus
710 1225 850 1292 utroque.’'

104 1294 197 1358 “Quin
215 1296 245 1348 id
263 1301 420 1350 creterrae
438 1315 491 1366 quo
509 1301 588 1364 pacto
606 1302 701 1351 cuncta
718 1303 850 1368 tenerem,

103 1369 211 1438 Utpote
229 1387 273 1426 res
285 1377 380 1425 tenues
398 1374 474 1426 tenui
492 1389 615 1425 sermone
632 1373 778 1441 peractos.”

103 1445 183 1498 “Ede
201 1446 317 1498 hominis
331 1464 436 1514 nomen,
451 1447 530 1500 simul
548 1452 577 1500 et
591 1447 729 1502 Romanus
743 1466 778 1502 an
791 1449 912 1517 hospes.’'
927 1465 950 1504 ιο

104 1521 191 1588 “ipsa
210 1538 312 1574 inemor
329 1528 475 1591 praecepta
492 1539 593 1589 canam,
612 1523 745 1578 celabitur
762 1529 868 1579 auctor·

104 1594 199 1662 Longa
216 1595 314 1664 quibus
332 1598 414 1651 facies
432 1599 489 1651 ovis
507 1598 561 1652 erit
577 1599 624 1651 illa
641 1603 785 1666 memento,

104 1669 145 1722 Ut
163 1671 235 1722 succi
253 1671 371 1724 melioris
389 1676 417 1726 et
434 1677 467 1726 ut
484 1673 570 1740 magis
587 1673 649 1746 albu
666 1675 798 1742 rotundis,

104 1743 226 1810 Ponere;
246 1763 362 1814 nomque
379 1765 481 1801 marem
498 1747 626 1802 cohibent
643 1749 740 1802 callosa
757 1751 887 1810 vitellum.

104 1819 189 1880 Garris
208 1821 362 1876 suburbano
380 1824 425 1890 qui
444 1823 521 1876 siccis
533 1823 624 1877 crevit
641 1825 669 1877 iu
688 1825 761 1892 agris
930 1841 952 1882 u

104 1893 232 1960 Dulcior3
250 1897 352 1964 irriguo
369 1899 437 1950 nihil
455 1901 498 1952 est
516 1898 615 1952 elutius
632 1898 718 1953 horto.

104 1969 134 2024 Si
153 1971 325 2039 vespertinus
343 1973 433 2026 subito
451 1977 480 2026 to
498 1974 664 2041 oppresserit
681 1974 787 2044 hospes,

104 2045 131 2098 N
133 2062 150 2098 e
166 2047 266 2113 gallina
283 2047 382 2100 malum
400 2054 542 2117 responset
560 2049 629 2102 dura
645 2051 744 2120 palato,

105 2119 210 2174 Doctus
228 2122 281 2174 eris
298 2123 386 2176 vivam
404 2125 489 2176 mixto
506 2140 626 2178 mersare
645 2125 775 2192 Fslcm03

106 2196 168 2252 Hoc
183 2200 305 2250 teneram
323 2199 410 2252 faciet.
446 2199 622 2252 Pratcnsibus
639 2202 741 2268 optimo
758 2202 848 2270 fungis
929 2215 953 2256 ss

106 2271 213 2325 Natura
231 2277 286 2336 est;
305 2273 364 2326 aliis
382 2273 452 2327 male
469 2274 597 2328 creditur.
633 2275 684 2329 Ille
702 2277 825 2331 salubres

109 2349 237 2400 Aestates
254 2353 367 2416 peraget
385 2349 431 2416 qui
449 2343 533 2416 nigris
550 2350 664 2418 prandia
680 2352 764 2404 moris
781 2360 783 2364 '

109 2421 205 2488 liniet,
223 2427 286 2476 ante
303 2436 414 2490 gravem
432 2441 501 2492 quse
519 2425 616 2492 legerit
633 2426 730 2480 arbore
748 2427 839 2483 solem.
910 2467 913 2474 .

111 2496 235 2549 Aufidius
252 2497 317 2550 sorti
335 2497 467 2552 miscebat
484 2499 564 2552 mella
582 2500 704 2568 Falerno,

107 2571 246 2639 Mendose,
264 2573 389 2640 quoniam
407 2573 498 2626 vestris
518 2576 687 2628 committere
704 2577 780 2630 venis
928 2593 953 2636 u

107 2631 153 2699 Nil
171 2647 222 2699 nisi
240 2647 302 2701 lene
320 2648 413 2712 decet;
432 2649 486 2702 leni
503 2651 662 2724 praecordia
679 2653 766 2704 mulso

108 2721 244 2774 Prolueris
262 2723 366 2778 melius.
401 2723 430 2776 Si
449 2724 518 2777 dura
535 2725 685 2779 morabitur
702 2727 784 2795 alvus,

108 2796 222 2852 Mitulus
240 2802 269 2850 et
287 2799 353 2851 viles
371 2799 474 2868 pellent
491 2799 626 2852 obstantia
643 2803 759 2854 conchae

109 2873 144 2926 Iu
161 2872 264 2939 lapathi
283 2873 374 2928 brevis
391 2874 483 2938 herba,
502 2875 551 2928 sed
568 2875 629 2928 albo
646 2892 700 2932 uon
718 2877 776 2930 sine
794 2876 857 2931 (loo.

107 2945 225 3008 Lubrica
241 2953 383 3003 nascentes
400 2949 515 3017 implent
532 2950 668 3018 conchylia
685 2951 778 3018 lunae3
928 2968 952 3011 ιο

13 3031 14 3036 ’
108 3020 164 3074 Sed
180 3037 234 3085 non
252 3038 331 3077 omne
349 3027 484 3077 moreest
501 3040 647 3090 generosae
663 3025 754 3080 fertile
770 3030 866 3082 testes.

85 3094 212 3148 ’Murice
230 3097 333 3150 Baiano
351 3098 446 3150 melior
464 3097 579 3150 Iiucrina
595 3098 701 3166 peloris,

13 3233 14 3248 1
110 3168 207 3238 Ostrea
225 3171 345 3240 Circeiis,
364 3172 470 3225 Miseno
487 3169 612 3223 emuntur
629 3170 724 3238 echini,
