<?xml version="1.0" encoding="UTF-8"?>
<!DOCTYPE html PUBLIC "-//W3C//DTD XHTML 1.0 Transitional//EN"
    "http://www.w3.org/TR/xhtml1/DTD/xhtml1-transitional.dtd">
<html xmlns="http://www.w3.org/1999/xhtml" xml:lang="en" lang="en">
 <head>
  <title>
</title>
<meta http-equiv="Content-Type" content="text/html;charset=utf-8" />
  <meta name='ocr-system' content='tesseract 3.04.00' />
  <meta name='ocr-capabilities' content='ocr_page ocr_carea ocr_par ocr_line ocrx_word'/>
</head>
<body>
  <div class='ocr_page' id='page_1' title='image "./quintihoratiifl00maclgoog_0126.png"; bbox 0 0 2126 3410; ppageno 0'>
   <div class='ocr_carea' id='block_1_1' title="bbox 90 148 945 1044">
    <p class='ocr_par' dir='ltr' id='par_1_1' title="bbox 91 148 666 200">
     <span class='ocr_line' id='line_1_1' title="bbox 91 148 666 200; baseline 0.002 -1"><span class='ocrx_word' id='word_1_1' title='bbox 91 151 144 200; x_wconf 79' lang='lat' dir='ltr'><strong>lll‘</strong></span> <span class='ocrx_word' id='word_1_2' title='bbox 365 148 519 199; x_wconf 80' lang='lat' dir='ltr'><strong>HORA&#39;I&#39;II</strong></span> <span class='ocrx_word' id='word_1_3' title='bbox 535 149 666 200; x_wconf 76' lang='lat' dir='ltr'>FLAOOI</span> 
     </span>
    </p>

    <p class='ocr_par' dir='ltr' id='par_1_2' title="bbox 90 225 789 297">
     <span class='ocr_line' id='line_1_2' title="bbox 90 225 789 297; baseline 0.004 -17"><span class='ocrx_word' id='word_1_4' title='bbox 90 225 174 281; x_wconf 81' lang='lat' dir='ltr'><strong>Sutor</strong></span> <span class='ocrx_word' id='word_1_5' title='bbox 191 231 259 294; x_wconf 87' lang='lat' dir='ltr'><strong>crat,</strong></span> <span class='ocrx_word' id='word_1_6' title='bbox 276 226 383 295; x_wconf 84' lang='lat' dir='ltr'><strong>sapiens</strong></span> <span class='ocrx_word' id='word_1_7' title='bbox 400 228 490 296; x_wconf 86' lang='lat' dir='ltr'><strong>operis</strong></span> <span class='ocrx_word' id='word_1_8' title='bbox 508 227 547 282; x_wconf 87' lang='lat' dir='ltr'><strong>sio</strong></span> <span class='ocrx_word' id='word_1_9' title='bbox 564 227 684 297; x_wconf 84' lang='lat' dir='ltr'><strong>optimus</strong></span> <span class='ocrx_word' id='word_1_10' title='bbox 700 226 789 283; x_wconf 76' lang='lat' dir='ltr'><strong>omnis</strong></span> 
     </span>
    </p>

    <p class='ocr_par' dir='ltr' id='par_1_3' title="bbox 91 293 825 446">
     <span class='ocr_line' id='line_1_3' title="bbox 91 293 825 370; baseline 0.004 -15"><span class='ocrx_word' id='word_1_11' title='bbox 91 300 143 355; x_wconf 84' lang='lat' dir='ltr'><strong>Est</strong></span> <span class='ocrx_word' id='word_1_12' title='bbox 159 301 249 370; x_wconf 84' lang='lat' dir='ltr'><strong>opifex</strong></span> <span class='ocrx_word' id='word_1_13' title='bbox 267 301 347 370; x_wconf 91' lang='lat' dir='ltr'><strong>solus,</strong></span> <span class='ocrx_word' id='word_1_14' title='bbox 363 301 403 356; x_wconf 91' lang='lat' dir='ltr'><strong>sic</strong></span> <span class='ocrx_word' id='word_1_15' title='bbox 419 319 476 358; x_wconf 85' lang='lat' dir='ltr'><strong>rex.</strong></span> <span class='ocrx_word' id='word_1_16' title='bbox 511 301 626 357; x_wconf 89' lang='lat' dir='ltr'><strong>Vellunt</strong></span> <span class='ocrx_word' id='word_1_17' title='bbox 643 297 696 359; x_wconf 87' lang='lat' dir='ltr'><strong>tibi</strong></span> <span class='ocrx_word' id='word_1_18' title='bbox 712 293 825 358; x_wconf 87' lang='lat' dir='ltr'><strong>barbam</strong></span> 
     </span>
     <span class='ocr_line' id='line_1_4' title="bbox 91 375 728 446; baseline 0 -16"><span class='ocrx_word' id='word_1_19' title='bbox 91 375 198 430; x_wconf 81' lang='lat' dir='ltr'><strong>Lascivi</strong></span> <span class='ocrx_word' id='word_1_20' title='bbox 214 376 308 444; x_wconf 87' lang='lat' dir='ltr'><strong>pueri;</strong></span> <span class='ocrx_word' id='word_1_21' title='bbox 324 392 392 446; x_wconf 90' lang='lat' dir='ltr'><strong>quos</strong></span> <span class='ocrx_word' id='word_1_22' title='bbox 409 381 442 432; x_wconf 89' lang='lat' dir='ltr'><strong>tu</strong></span> <span class='ocrx_word' id='word_1_23' title='bbox 458 375 511 431; x_wconf 87' lang='lat' dir='ltr'><strong>nisi</strong></span> <span class='ocrx_word' id='word_1_24' title='bbox 527 375 602 431; x_wconf 82' lang='lat' dir='ltr'><strong>iuste</strong></span> <span class='ocrx_word' id='word_1_25' title='bbox 619 382 728 432; x_wconf 70' lang='lat' dir='ltr'><strong>coerces</strong></span> 
     </span>
    </p>

    <p class='ocr_par' dir='ltr' id='par_1_4' title="bbox 91 450 945 594">
     <span class='ocr_line' id='line_1_5' title="bbox 91 450 945 519; baseline 0 -13"><span class='ocrx_word' id='word_1_26' title='bbox 91 451 207 519; x_wconf 81' lang='lat' dir='ltr'><strong>Urgeris</strong></span> <span class='ocrx_word' id='word_1_27' title='bbox 223 450 306 506; x_wconf 90' lang='lat' dir='ltr'><strong>turba</strong></span> <span class='ocrx_word' id='word_1_28' title='bbox 323 452 424 505; x_wconf 86' lang='lat' dir='ltr'><strong>circum</strong></span> <span class='ocrx_word' id='word_1_29' title='bbox 440 455 471 506; x_wconf 89' lang='lat' dir='ltr'><strong>te</strong></span> <span class='ocrx_word' id='word_1_30' title='bbox 488 454 579 506; x_wconf 86' lang='lat' dir='ltr'><strong>stante</strong></span> <span class='ocrx_word' id='word_1_31' title='bbox 596 452 733 519; x_wconf 82' lang='lat' dir='ltr'><strong>miserque</strong></span> <span class='ocrx_word' id='word_1_32' title='bbox 918 456 945 495; x_wconf 70' lang='lat'><strong>⁶⁵</strong></span> 
     </span>
     <span class='ocr_line' id='line_1_6' title="bbox 92 525 826 594; baseline 0.001 -14"><span class='ocrx_word' id='word_1_33' title='bbox 92 525 239 594; x_wconf 86' lang='lat' dir='ltr'><strong>Rumperis</strong></span> <span class='ocrx_word' id='word_1_34' title='bbox 256 529 286 580; x_wconf 91' lang='lat' dir='ltr'><strong>et</strong></span> <span class='ocrx_word' id='word_1_35' title='bbox 302 525 394 593; x_wconf 87' lang='lat' dir='ltr'><strong>latras,</strong></span> <span class='ocrx_word' id='word_1_36' title='bbox 412 543 571 592; x_wconf 77' lang='lat' dir='ltr'><strong>magnorum</strong></span> <span class='ocrx_word' id='word_1_37' title='bbox 589 527 706 580; x_wconf 63' lang='lat' dir='ltr'><strong>maxims</strong></span> <span class='ocrx_word' id='word_1_38' title='bbox 723 543 826 594; x_wconf 78' lang='lat' dir='ltr'><strong>rcgum.</strong></span> 
     </span>
    </p>

    <p class='ocr_par' dir='ltr' id='par_1_5' title="bbox 92 599 853 674">
     <span class='ocr_line' id='line_1_7' title="bbox 92 599 853 674; baseline 0.001 -20"><span class='ocrx_word' id='word_1_39' title='bbox 92 599 137 654; x_wconf 81' lang='lat' dir='ltr'><strong>Ne</strong></span> <span class='ocrx_word' id='word_1_40' title='bbox 153 601 263 668; x_wconf 79' lang='lat' dir='ltr'><strong>longum</strong></span> <span class='ocrx_word' id='word_1_41' title='bbox 280 600 394 663; x_wconf 60' lang='lat' dir='ltr'><strong>faciams</strong></span> <span class='ocrx_word' id='word_1_42' title='bbox 407 601 473 654; x_wconf 78' lang='lat' dir='ltr'><strong>duni</strong></span> <span class='ocrx_word' id='word_1_43' title='bbox 492 603 524 654; x_wconf 89' lang='lat' dir='ltr'><strong>tu</strong></span> <span class='ocrx_word' id='word_1_44' title='bbox 541 601 692 668; x_wconf 72' lang='lat' dir='ltr'><strong>quadrante</strong></span> <span class='ocrx_word' id='word_1_45' title='bbox 710 601 829 655; x_wconf 83' lang='lat' dir='ltr'><strong>lavatum</strong></span> <span class='ocrx_word' id='word_1_46' title='bbox 849 667 853 674; x_wconf 91' lang='lat'>.</span> 
     </span>
    </p>

    <p class='ocr_par' dir='ltr' id='par_1_6' title="bbox 93 674 941 1044">
     <span class='ocr_line' id='line_1_8' title="bbox 93 674 809 746; baseline 0.003 -18"><span class='ocrx_word' id='word_1_47' title='bbox 93 674 155 729; x_wconf 79' lang='lat' dir='ltr'><strong>Rex</strong></span> <span class='ocrx_word' id='word_1_48' title='bbox 171 675 224 729; x_wconf 82' lang='lat' dir='ltr'>ibis</span> <span class='ocrx_word' id='word_1_49' title='bbox 240 691 330 743; x_wconf 90' lang='lat' dir='ltr'><strong>neque</strong></span> <span class='ocrx_word' id='word_1_50' title='bbox 347 679 376 729; x_wconf 91' lang='lat' dir='ltr'><strong>te</strong></span> <span class='ocrx_word' id='word_1_51' title='bbox 394 677 537 746; x_wconf 89' lang='lat' dir='ltr'><strong>quisquam</strong></span> <span class='ocrx_word' id='word_1_52' title='bbox 555 677 670 744; x_wconf 87' lang='lat' dir='ltr'><strong>stipator</strong></span> <span class='ocrx_word' id='word_1_53' title='bbox 686 676 809 744; x_wconf 90' lang='lat' dir='ltr'><strong>ineptum</strong></span> 
     </span>
     <span class='ocr_line' id='line_1_9' title="bbox 93 748 796 818; baseline 0.001 -16"><span class='ocrx_word' id='word_1_54' title='bbox 93 748 208 804; x_wconf 75' lang='lat' dir='ltr'><strong>Praeter</strong></span> <span class='ocrx_word' id='word_1_55' title='bbox 226 750 379 818; x_wconf 79' lang='lat' dir='ltr'><strong>Crispinum</strong></span> <span class='ocrx_word' id='word_1_56' title='bbox 398 751 554 818; x_wconf 78' lang='lat' dir='ltr'><strong>sectabitur,</strong></span> <span class='ocrx_word' id='word_1_57' title='bbox 573 755 602 804; x_wconf 86' lang='lat' dir='ltr'><strong>et</strong></span> <span class='ocrx_word' id='word_1_58' title='bbox 619 750 695 816; x_wconf 80' lang='lat' dir='ltr'><strong>mihi.</strong></span> <span class='ocrx_word' id='word_1_59' title='bbox 703 750 796 804; x_wconf 87' lang='lat' dir='ltr'><strong>dulces</strong></span> 
     </span>
     <span class='ocr_line' id='line_1_10' title="bbox 93 821 941 894; baseline 0.002 -16"><span class='ocrx_word' id='word_1_60' title='bbox 93 821 240 892; x_wconf 79' lang='lat' dir='ltr'><strong>Ignoscent</strong></span> <span class='ocrx_word' id='word_1_61' title='bbox 256 825 280 878; x_wconf 88' lang='lat' dir='ltr'><strong>si</strong></span> <span class='ocrx_word' id='word_1_62' title='bbox 297 825 364 892; x_wconf 91' lang='lat' dir='ltr'><strong>quid</strong></span> <span class='ocrx_word' id='word_1_63' title='bbox 381 841 494 894; x_wconf 89' lang='lat' dir='ltr'><strong>peccaro</strong></span> <span class='ocrx_word' id='word_1_64' title='bbox 512 825 614 880; x_wconf 86' lang='lat' dir='ltr'><strong>stultus</strong></span> <span class='ocrx_word' id='word_1_65' title='bbox 631 825 718 892; x_wconf 90' lang='lat' dir='ltr'><strong>amici,</strong></span> <span class='ocrx_word' id='word_1_66' title='bbox 905 839 941 880; x_wconf 77' lang='lat' dir='ltr'><strong>rao</strong></span> 
     </span>
     <span class='ocr_line' id='line_1_11' title="bbox 93 898 777 970; baseline 0 -16"><span class='ocrx_word' id='word_1_67' title='bbox 93 898 183 968; x_wconf 85' lang='lat' dir='ltr'><strong>Inque</strong></span> <span class='ocrx_word' id='word_1_68' title='bbox 199 900 285 954; x_wconf 85' lang='lat' dir='ltr'><strong>vicem</strong></span> <span class='ocrx_word' id='word_1_69' title='bbox 303 900 410 954; x_wconf 89' lang='lat' dir='ltr'><strong>illorum</strong></span> <span class='ocrx_word' id='word_1_70' title='bbox 427 902 517 969; x_wconf 87' lang='lat' dir='ltr'><strong>patiar</strong></span> <span class='ocrx_word' id='word_1_71' title='bbox 533 901 634 955; x_wconf 85' lang='lat' dir='ltr'><strong>delicta</strong></span> <span class='ocrx_word' id='word_1_72' title='bbox 651 900 777 970; x_wconf 86' lang='lat' dir='ltr'><strong>libenter,</strong></span> 
     </span>
     <span class='ocr_line' id='line_1_12' title="bbox 93 972 735 1044; baseline 0.003 -16"><span class='ocrx_word' id='word_1_73' title='bbox 93 972 274 1043; x_wconf 79' lang='lat' dir='ltr'><strong>Priratmque</strong></span> <span class='ocrx_word' id='word_1_74' title='bbox 291 975 377 1044; x_wconf 85' lang='lat' dir='ltr'><strong>magis</strong></span> <span class='ocrx_word' id='word_1_75' title='bbox 394 975 483 1030; x_wconf 84' lang='lat' dir='ltr'><strong>vivam</strong></span> <span class='ocrx_word' id='word_1_76' title='bbox 499 979 529 1030; x_wconf 88' lang='lat' dir='ltr'><strong>te</strong></span> <span class='ocrx_word' id='word_1_77' title='bbox 546 991 613 1044; x_wconf 87' lang='lat' dir='ltr'><strong>rege</strong></span> <span class='ocrx_word' id='word_1_78' title='bbox 629 974 735 1030; x_wconf 81' lang='lat' dir='ltr'><strong>beatus</strong></span> 
     </span>
    </p>
   </div>
   <div class='ocr_carea' id='block_1_2' title="bbox 488 1117 540 1174">
    <p class='ocr_par' dir='ltr' id='par_1_7' title="bbox 488 1117 540 1174">
     <span class='ocr_line' id='line_1_13' title="bbox 488 1117 540 1174; baseline 0.038 -2"><span class='ocrx_word' id='word_1_79' title='bbox 488 1117 540 1174; x_wconf 85' lang='lat' dir='ltr'><strong>IV.</strong></span> 
     </span>
    </p>
   </div>
   <div class='ocr_carea' id='block_1_3' title="bbox 95 1199 947 1866">
    <p class='ocr_par' dir='ltr' id='par_1_8' title="bbox 95 1199 947 1344">
     <span class='ocr_line' id='line_1_14' title="bbox 95 1199 947 1271; baseline 0.001 -17"><span class='ocrx_word' id='word_1_80' title='bbox 95 1200 215 1256; x_wconf 77' lang='lat' dir='ltr'><strong>Eunonns</strong></span> <span class='ocrx_word' id='word_1_81' title='bbox 233 1204 317 1270; x_wconf 90' lang='lat' dir='ltr'><strong>atque</strong></span> <span class='ocrx_word' id='word_1_82' title='bbox 335 1199 464 1255; x_wconf 81' lang='lat' dir='ltr'><strong>cratinus</strong></span> <span class='ocrx_word' id='word_1_83' title='bbox 483 1199 735 1268; x_wconf 77' lang='lat' dir='ltr'><strong>Aristophanesque</strong></span> <span class='ocrx_word' id='word_1_84' title='bbox 751 1203 857 1271; x_wconf 69' lang='lat' dir='ltr'><strong>politae,</strong></span> <span class='ocrx_word' id='word_1_85' title='bbox 944 1211 947 1218; x_wconf 81' lang='grc'>’</span> 
     </span>
     <span class='ocr_line' id='line_1_15' title="bbox 95 1275 848 1344; baseline 0 -15"><span class='ocrx_word' id='word_1_86' title='bbox 95 1277 190 1344; x_wconf 79' lang='lat' dir='ltr'><strong>Atque</strong></span> <span class='ocrx_word' id='word_1_87' title='bbox 207 1276 252 1330; x_wconf 90' lang='lat' dir='ltr'><strong>alii</strong></span> <span class='ocrx_word' id='word_1_88' title='bbox 270 1291 385 1344; x_wconf 87' lang='lat' dir='ltr'><strong>quorum</strong></span> <span class='ocrx_word' id='word_1_89' title='bbox 403 1275 542 1328; x_wconf 77' lang='lat' dir='ltr'><strong>comoedia</strong></span> <span class='ocrx_word' id='word_1_90' title='bbox 558 1275 647 1343; x_wconf 86' lang='lat' dir='ltr'><strong>prisca</strong></span> <span class='ocrx_word' id='word_1_91' title='bbox 663 1276 781 1329; x_wconf 81' lang='lat' dir='ltr'><strong>virorum</strong></span> <span class='ocrx_word' id='word_1_92' title='bbox 798 1281 848 1344; x_wconf 85' lang='lat' dir='ltr'><strong>est,</strong></span> 
     </span>
    </p>

    <p class='ocr_par' dir='ltr' id='par_1_9' title="bbox 95 1348 845 1420">
     <span class='ocr_line' id='line_1_16' title="bbox 95 1348 845 1420; baseline -0.001 -15"><span class='ocrx_word' id='word_1_93' title='bbox 95 1351 124 1405; x_wconf 80' lang='lat' dir='ltr'><strong>si</strong></span> <span class='ocrx_word' id='word_1_94' title='bbox 142 1351 203 1418; x_wconf 91' lang='lat' dir='ltr'><strong>quis</strong></span> <span class='ocrx_word' id='word_1_95' title='bbox 220 1354 282 1404; x_wconf 89' lang='lat' dir='ltr'><strong>crat</strong></span> <span class='ocrx_word' id='word_1_96' title='bbox 298 1350 397 1417; x_wconf 84' lang='lat' dir='ltr'><strong>dignus</strong></span> <span class='ocrx_word' id='word_1_97' title='bbox 415 1348 532 1403; x_wconf 86' lang='lat' dir='ltr'><strong>describi</strong></span> <span class='ocrx_word' id='word_1_98' title='bbox 550 1350 624 1418; x_wconf 90' lang='lat' dir='ltr'><strong>quod</strong></span> <span class='ocrx_word' id='word_1_99' title='bbox 640 1351 728 1404; x_wconf 90' lang='lat' dir='ltr'><strong>malus</strong></span> <span class='ocrx_word' id='word_1_100' title='bbox 744 1367 777 1404; x_wconf 86' lang='lat' dir='ltr'><strong>ao</strong></span> <span class='ocrx_word' id='word_1_101' title='bbox 793 1352 845 1420; x_wconf 81' lang='lat' dir='ltr'><strong>fur,</strong></span> 
     </span>
    </p>

    <p class='ocr_par' dir='ltr' id='par_1_10' title="bbox 96 1425 786 1495">
     <span class='ocr_line' id='line_1_17' title="bbox 96 1425 786 1495; baseline -0.001 -16"><span class='ocrx_word' id='word_1_102' title='bbox 96 1426 176 1490; x_wconf 80' lang='lat' dir='ltr'><strong>Quod</strong></span> <span class='ocrx_word' id='word_1_103' title='bbox 193 1425 321 1480; x_wconf 86' lang='lat' dir='ltr'><strong>moechus</strong></span> <span class='ocrx_word' id='word_1_104' title='bbox 337 1425 409 1478; x_wconf 83' lang='lat' dir='ltr'><strong>foret</strong></span> <span class='ocrx_word' id='word_1_105' title='bbox 426 1428 474 1478; x_wconf 89' lang='lat' dir='ltr'><strong>aut</strong></span> <span class='ocrx_word' id='word_1_106' title='bbox 492 1425 604 1478; x_wconf 89' lang='lat' dir='ltr'><strong>sicarius</strong></span> <span class='ocrx_word' id='word_1_107' title='bbox 621 1429 669 1478; x_wconf 87' lang='lat' dir='ltr'><strong>aut</strong></span> <span class='ocrx_word' id='word_1_108' title='bbox 685 1426 786 1495; x_wconf 85' lang='lat' dir='ltr'><strong>alioqui</strong></span> 
     </span>
    </p>

    <p class='ocr_par' dir='ltr' id='par_1_11' title="bbox 95 1498 943 1643">
     <span class='ocr_line' id='line_1_18' title="bbox 95 1498 943 1568; baseline -0.004 -13"><span class='ocrx_word' id='word_1_109' title='bbox 95 1502 234 1568; x_wconf 86' lang='lat' dir='ltr'><strong>Famosus,</strong></span> <span class='ocrx_word' id='word_1_110' title='bbox 253 1499 339 1553; x_wconf 88' lang='lat' dir='ltr'><strong>multa</strong></span> <span class='ocrx_word' id='word_1_111' title='bbox 356 1515 419 1552; x_wconf 90' lang='lat' dir='ltr'><strong>cum</strong></span> <span class='ocrx_word' id='word_1_112' title='bbox 435 1498 563 1552; x_wconf 85' lang='lat' dir='ltr'><strong>libertate</strong></span> <span class='ocrx_word' id='word_1_113' title='bbox 580 1499 717 1553; x_wconf 87' lang='lat' dir='ltr'><strong>notabant.</strong></span> <span class='ocrx_word' id='word_1_114' title='bbox 927 1515 943 1558; x_wconf 78' lang='lat' dir='ltr'><strong>s</strong></span> 
     </span>
     <span class='ocr_line' id='line_1_19' title="bbox 95 1573 760 1643; baseline -0.005 -12"><span class='ocrx_word' id='word_1_115' title='bbox 95 1576 169 1632; x_wconf 86' lang='lat' dir='ltr'><strong>Hinc</strong></span> <span class='ocrx_word' id='word_1_116' title='bbox 186 1575 272 1628; x_wconf 84' lang='lat' dir='ltr'><strong>omnis</strong></span> <span class='ocrx_word' id='word_1_117' title='bbox 288 1573 393 1643; x_wconf 88' lang='lat' dir='ltr'><strong>pendet</strong></span> <span class='ocrx_word' id='word_1_118' title='bbox 410 1573 543 1641; x_wconf 81' lang='lat' dir='ltr'><strong>Lucilius,</strong></span> <span class='ocrx_word' id='word_1_119' title='bbox 553 1573 633 1628; x_wconf 88' lang='lat' dir='ltr'><strong>hosce</strong></span> <span class='ocrx_word' id='word_1_120' title='bbox 651 1578 760 1628; x_wconf 88' lang='lat' dir='ltr'><strong>secutus</strong></span> 
     </span>
    </p>

    <p class='ocr_par' dir='ltr' id='par_1_12' title="bbox 95 1647 792 1790">
     <span class='ocr_line' id='line_1_20' title="bbox 95 1647 792 1718; baseline -0.003 -12"><span class='ocrx_word' id='word_1_121' title='bbox 95 1650 211 1706; x_wconf 87' lang='lat' dir='ltr'><strong>Mutatis</strong></span> <span class='ocrx_word' id='word_1_122' title='bbox 228 1653 334 1704; x_wconf 88' lang='lat' dir='ltr'><strong>tantum</strong></span> <span class='ocrx_word' id='word_1_123' title='bbox 351 1647 466 1716; x_wconf 88' lang='lat' dir='ltr'><strong>pedibus</strong></span> <span class='ocrx_word' id='word_1_124' title='bbox 482 1648 665 1718; x_wconf 84' lang='lat' dir='ltr'><strong>numerisque,</strong></span> <span class='ocrx_word' id='word_1_125' title='bbox 680 1649 792 1718; x_wconf 82' lang='lat' dir='ltr'><strong>facetus,</strong></span> 
     </span>
     <span class='ocr_line' id='line_1_21' title="bbox 96 1723 744 1790; baseline -0.002 -11"><span class='ocrx_word' id='word_1_126' title='bbox 96 1726 247 1780; x_wconf 84' lang='lat' dir='ltr'><strong>Emunotae</strong></span> <span class='ocrx_word' id='word_1_127' title='bbox 264 1725 345 1788; x_wconf 86' lang='lat' dir='ltr'><strong>naris,</strong></span> <span class='ocrx_word' id='word_1_128' title='bbox 363 1723 448 1776; x_wconf 86' lang='lat' dir='ltr'><strong>durus</strong></span> <span class='ocrx_word' id='word_1_129' title='bbox 465 1739 625 1790; x_wconf 87' lang='lat' dir='ltr'><strong>componere</strong></span> <span class='ocrx_word' id='word_1_130' title='bbox 641 1740 744 1778; x_wconf 83' lang='lat' dir='ltr'><strong>versus</strong></span> 
     </span>
    </p>

    <p class='ocr_par' dir='ltr' id='par_1_13' title="bbox 96 1797 828 1866">
     <span class='ocr_line' id='line_1_22' title="bbox 96 1797 828 1866; baseline 0.001 -14"><span class='ocrx_word' id='word_1_131' title='bbox 96 1800 168 1852; x_wconf 88' lang='lat' dir='ltr'><strong>Nam</strong></span> <span class='ocrx_word' id='word_1_132' title='bbox 184 1800 238 1852; x_wconf 84' lang='lat' dir='ltr'><strong>fuit</strong></span> <span class='ocrx_word' id='word_1_133' title='bbox 255 1799 305 1852; x_wconf 90' lang='lat' dir='ltr'><strong>hoc</strong></span> <span class='ocrx_word' id='word_1_134' title='bbox 322 1798 450 1851; x_wconf 71' lang='lat' dir='ltr'><strong>aitiosus:</strong></span> <span class='ocrx_word' id='word_1_135' title='bbox 468 1797 497 1850; x_wconf 89' lang='lat' dir='ltr'><strong>in</strong></span> <span class='ocrx_word' id='word_1_136' title='bbox 515 1798 582 1851; x_wconf 86' lang='lat' dir='ltr'><strong>hora</strong></span> <span class='ocrx_word' id='word_1_137' title='bbox 597 1815 679 1866; x_wconf 87' lang='lat' dir='ltr'><strong>saepe</strong></span> <span class='ocrx_word' id='word_1_138' title='bbox 696 1799 828 1853; x_wconf 87' lang='lat' dir='ltr'><strong>ducentos</strong></span> 
     </span>
    </p>
   </div>
   <div class='ocr_carea' id='block_1_4' title="bbox 2 1871 1058 1949">
    <p class='ocr_par' dir='ltr' id='par_1_14' title="bbox 2 1871 1058 1949">
     <span class='ocr_line' id='line_1_23' title="bbox 2 1871 1058 1949; baseline -0.009 -20"><span class='ocrx_word' id='word_1_139' title='bbox 2 1929 10 1949; x_wconf 55' lang='lat'><strong>,</strong></span> <span class='ocrx_word' id='word_1_140' title='bbox 96 1874 137 1928; x_wconf 87' lang='lat' dir='ltr'><strong>Ut</strong></span> <span class='ocrx_word' id='word_1_141' title='bbox 153 1890 280 1940; x_wconf 85' lang='lat' dir='ltr'><strong>magnum</strong></span> <span class='ocrx_word' id='word_1_142' title='bbox 297 1887 392 1926; x_wconf 87' lang='lat' dir='ltr'><strong>versus</strong></span> <span class='ocrx_word' id='word_1_143' title='bbox 409 1871 531 1926; x_wconf 88' lang='lat' dir='ltr'><strong>dictabat</strong></span> <span class='ocrx_word' id='word_1_144' title='bbox 548 1875 623 1926; x_wconf 89' lang='lat' dir='ltr'><strong>stans</strong></span> <span class='ocrx_word' id='word_1_145' title='bbox 640 1873 711 1942; x_wconf 88' lang='lat' dir='ltr'><strong>pede</strong></span> <span class='ocrx_word' id='word_1_146' title='bbox 727 1874 756 1927; x_wconf 93' lang='lat' dir='ltr'><strong>in</strong></span> <span class='ocrx_word' id='word_1_147' title='bbox 773 1890 836 1928; x_wconf 90' lang='lat' dir='ltr'><strong>uno.</strong></span> <span class='ocrx_word' id='word_1_148' title='bbox 918 1890 943 1931; x_wconf 88' lang='lat' dir='ltr'><strong>ro</strong></span> <span class='ocrx_word' id='word_1_149' title='bbox 1057 1879 1058 1919; x_wconf 63' lang='grc' dir='ltr'>ζ</span> 
     </span>
    </p>
   </div>
   <div class='ocr_carea' id='block_1_5' title="bbox 30 1947 947 3212">
    <p class='ocr_par' dir='ltr' id='par_1_15' title="bbox 97 1947 943 2390">
     <span class='ocr_line' id='line_1_24' title="bbox 97 1947 849 2016; baseline -0.001 -13"><span class='ocrx_word' id='word_1_150' title='bbox 97 1949 166 2003; x_wconf 78' lang='lat' dir='ltr'><strong>(lum</strong></span> <span class='ocrx_word' id='word_1_151' title='bbox 183 1949 282 2001; x_wconf 87' lang='lat' dir='ltr'><strong>flueret</strong></span> <span class='ocrx_word' id='word_1_152' title='bbox 299 1947 450 2000; x_wconf 89' lang='lat' dir='ltr'><strong>lutulentus</strong></span> <span class='ocrx_word' id='word_1_153' title='bbox 467 1951 528 2000; x_wconf 88' lang='lat' dir='ltr'><strong>erat</strong></span> <span class='ocrx_word' id='word_1_154' title='bbox 545 1947 621 2016; x_wconf 90' lang='lat' dir='ltr'><strong>quod</strong></span> <span class='ocrx_word' id='word_1_155' title='bbox 636 1948 733 2002; x_wconf 85' lang='lat' dir='ltr'><strong>tollere</strong></span> <span class='ocrx_word' id='word_1_156' title='bbox 750 1949 849 2014; x_wconf 84' lang='lat' dir='ltr'><strong>velles;</strong></span> 
     </span>
     <span class='ocr_line' id='line_1_25' title="bbox 97 2022 814 2090; baseline -0.001 -13"><span class='ocrx_word' id='word_1_157' title='bbox 97 2022 229 2077; x_wconf 78' lang='lat' dir='ltr'><strong>Garrulus</strong></span> <span class='ocrx_word' id='word_1_158' title='bbox 246 2027 329 2090; x_wconf 89' lang='lat' dir='ltr'><strong>atque</strong></span> <span class='ocrx_word' id='word_1_159' title='bbox 346 2022 424 2089; x_wconf 79' lang='lat' dir='ltr'><strong>piger</strong></span> <span class='ocrx_word' id='word_1_160' title='bbox 441 2022 578 2076; x_wconf 90' lang='lat' dir='ltr'><strong>scribendi</strong></span> <span class='ocrx_word' id='word_1_161' title='bbox 595 2023 667 2076; x_wconf 79' lang='lat' dir='ltr'><strong>ieme</strong></span> <span class='ocrx_word' id='word_1_162' title='bbox 684 2023 814 2089; x_wconf 86' lang='lat' dir='ltr'><strong>laborem,</strong></span> 
     </span>
     <span class='ocr_line' id='line_1_26' title="bbox 97 2097 893 2167; baseline 0.004 -16"><span class='ocrx_word' id='word_1_163' title='bbox 97 2097 240 2152; x_wconf 84' lang='lat' dir='ltr'><strong>Scribendi</strong></span> <span class='ocrx_word' id='word_1_164' title='bbox 257 2100 346 2150; x_wconf 87' lang='lat' dir='ltr'><strong>recte:</strong></span> <span class='ocrx_word' id='word_1_165' title='bbox 364 2112 426 2148; x_wconf 90' lang='lat' dir='ltr'><strong>nam</strong></span> <span class='ocrx_word' id='word_1_166' title='bbox 443 2100 476 2149; x_wconf 89' lang='lat' dir='ltr'><strong>ut</strong></span> <span class='ocrx_word' id='word_1_167' title='bbox 492 2097 608 2150; x_wconf 90' lang='lat' dir='ltr'><strong>multum</strong></span> <span class='ocrx_word' id='word_1_168' title='bbox 625 2098 665 2150; x_wconf 92' lang='lat' dir='ltr'><strong>nil</strong></span> <span class='ocrx_word' id='word_1_169' title='bbox 681 2115 779 2152; x_wconf 89' lang='lat' dir='ltr'><strong>moror.</strong></span> <span class='ocrx_word' id='word_1_170' title='bbox 814 2100 893 2167; x_wconf 81' lang='lat' dir='ltr'><strong>liceo,</strong></span> 
     </span>
     <span class='ocr_line' id='line_1_27' title="bbox 97 2171 839 2241; baseline 0.004 -16"><span class='ocrx_word' id='word_1_171' title='bbox 97 2172 239 2240; x_wconf 80' lang='lat' dir='ltr'><strong>Crispinum</strong></span> <span class='ocrx_word' id='word_1_172' title='bbox 256 2171 367 2224; x_wconf 89' lang='lat' dir='ltr'><strong>minimo</strong></span> <span class='ocrx_word' id='word_1_173' title='bbox 384 2187 429 2222; x_wconf 88' lang='lat' dir='ltr'><strong>me</strong></span> <span class='ocrx_word' id='word_1_174' title='bbox 445 2174 587 2239; x_wconf 83' lang='lat' dir='ltr'><strong>provocat:</strong></span> <span class='ocrx_word' id='word_1_175' title='bbox 606 2172 621 2198; x_wconf 90' lang='lat'><strong>“</strong></span> <span class='ocrx_word' id='word_1_176' title='bbox 627 2173 739 2241; x_wconf 85' lang='lat' dir='ltr'><strong>Accipe,</strong></span> <span class='ocrx_word' id='word_1_177' title='bbox 757 2174 781 2227; x_wconf 88' lang='lat' dir='ltr'><strong>si</strong></span> <span class='ocrx_word' id='word_1_178' title='bbox 798 2173 839 2228; x_wconf 83' lang='lat' dir='ltr'><strong>uis</strong></span> 
     </span>
     <span class='ocr_line' id='line_1_28' title="bbox 100 2245 943 2316; baseline -0.001 -16"><span class='ocrx_word' id='word_1_179' title='bbox 100 2246 237 2315; x_wconf 85' lang='lat' dir='ltr'><strong>Accipiam</strong></span> <span class='ocrx_word' id='word_1_180' title='bbox 254 2245 376 2310; x_wconf 87' lang='lat' dir='ltr'><strong>tabulas;</strong></span> <span class='ocrx_word' id='word_1_181' title='bbox 394 2246 476 2298; x_wconf 90' lang='lat' dir='ltr'><strong>detur</strong></span> <span class='ocrx_word' id='word_1_182' title='bbox 492 2245 570 2299; x_wconf 91' lang='lat' dir='ltr'><strong>nobis</strong></span> <span class='ocrx_word' id='word_1_183' title='bbox 586 2245 668 2314; x_wconf 89' lang='lat' dir='ltr'><strong>locus,</strong></span> <span class='ocrx_word' id='word_1_184' title='bbox 686 2247 759 2316; x_wconf 90' lang='lat' dir='ltr'><strong>hora,</strong></span> <span class='ocrx_word' id='word_1_185' title='bbox 829 2301 832 2307; x_wconf 85' lang='grc'><em>,</em></span> <span class='ocrx_word' id='word_1_186' title='bbox 917 2260 943 2299; x_wconf 83' lang='lat'><strong>15</strong></span> 
     </span>
     <span class='ocr_line' id='line_1_29' title="bbox 97 2319 826 2390; baseline 0.001 -14"><span class='ocrx_word' id='word_1_187' title='bbox 97 2321 247 2386; x_wconf 57' lang='lat' dir='ltr'><strong>Custodem</strong></span> <span class='ocrx_word' id='word_1_188' title='bbox 264 2319 404 2372; x_wconf 90' lang='lat' dir='ltr'><strong>videamus</strong></span> <span class='ocrx_word' id='word_1_189' title='bbox 421 2323 486 2372; x_wconf 92' lang='lat' dir='ltr'><strong>uter</strong></span> <span class='ocrx_word' id='word_1_190' title='bbox 502 2319 564 2388; x_wconf 87' lang='lat' dir='ltr'><strong>plus</strong></span> <span class='ocrx_word' id='word_1_191' title='bbox 581 2321 700 2375; x_wconf 85' lang='lat' dir='ltr'><strong>scribere</strong></span> <span class='ocrx_word' id='word_1_192' title='bbox 717 2323 826 2390; x_wconf 81' lang='lat' dir='ltr'><strong>possit”</strong></span> 
     </span>
    </p>

    <p class='ocr_par' dir='ltr' id='par_1_16' title="bbox 97 2394 803 2540">
     <span class='ocr_line' id='line_1_30' title="bbox 97 2394 803 2465; baseline 0.003 -17"><span class='ocrx_word' id='word_1_193' title='bbox 97 2396 154 2457; x_wconf 82' lang='lat' dir='ltr'><strong>“Di</strong></span> <span class='ocrx_word' id='word_1_194' title='bbox 171 2395 241 2448; x_wconf 90' lang='lat' dir='ltr'><strong>bene</strong></span> <span class='ocrx_word' id='word_1_195' title='bbox 258 2395 383 2447; x_wconf 81' lang='lat' dir='ltr'><strong>fecerunt</strong></span> <span class='ocrx_word' id='word_1_196' title='bbox 400 2394 487 2460; x_wconf 88' lang='lat' dir='ltr'><strong>inopis</strong></span> <span class='ocrx_word' id='word_1_197' title='bbox 504 2411 549 2447; x_wconf 92' lang='lat' dir='ltr'><strong>me</strong></span> <span class='ocrx_word' id='word_1_198' title='bbox 567 2396 695 2464; x_wconf 90' lang='lat' dir='ltr'><strong>quodque</strong></span> <span class='ocrx_word' id='word_1_199' title='bbox 712 2397 803 2465; x_wconf 85' lang='lat' dir='ltr'><strong>pusilli</strong></span> 
     </span>
     <span class='ocr_line' id='line_1_31' title="bbox 97 2468 793 2540; baseline 0.001 -16"><span class='ocrx_word' id='word_1_200' title='bbox 97 2468 250 2524; x_wconf 80' lang='lat' dir='ltr'><strong>Finxerunt</strong></span> <span class='ocrx_word' id='word_1_201' title='bbox 266 2468 355 2536; x_wconf 90' lang='lat' dir='ltr'><strong>animi,</strong></span> <span class='ocrx_word' id='word_1_202' title='bbox 373 2484 434 2520; x_wconf 87' lang='lat' dir='ltr'><strong>raro</strong></span> <span class='ocrx_word' id='word_1_203' title='bbox 452 2472 482 2522; x_wconf 91' lang='lat' dir='ltr'><strong>et</strong></span> <span class='ocrx_word' id='word_1_204' title='bbox 497 2485 633 2537; x_wconf 89' lang='lat' dir='ltr'><strong>perpauca</strong></span> <span class='ocrx_word' id='word_1_205' title='bbox 649 2471 793 2540; x_wconf 85' lang='lat' dir='ltr'><strong>loquentis.</strong></span> 
     </span>
    </p>

    <p class='ocr_par' dir='ltr' id='par_1_17' title="bbox 97 2542 702 2612">
     <span class='ocr_line' id='line_1_32' title="bbox 97 2542 702 2612; baseline 0 -13"><span class='ocrx_word' id='word_1_206' title='bbox 97 2547 138 2599; x_wconf 81' lang='lat' dir='ltr'><strong>At</strong></span> <span class='ocrx_word' id='word_1_207' title='bbox 155 2549 187 2598; x_wconf 91' lang='lat' dir='ltr'><strong>tu</strong></span> <span class='ocrx_word' id='word_1_208' title='bbox 204 2543 344 2598; x_wconf 87' lang='lat' dir='ltr'><strong>conclusas</strong></span> <span class='ocrx_word' id='word_1_209' title='bbox 361 2542 471 2596; x_wconf 88' lang='lat' dir='ltr'><strong>hircinis</strong></span> <span class='ocrx_word' id='word_1_210' title='bbox 488 2543 597 2597; x_wconf 84' lang='lat' dir='ltr'><strong>follibus</strong></span> <span class='ocrx_word' id='word_1_211' title='bbox 614 2561 702 2612; x_wconf 85' lang='lat' dir='ltr'><strong>auras,</strong></span> 
     </span>
    </p>

    <p class='ocr_par' dir='ltr' id='par_1_18' title="bbox 96 2617 947 2750">
     <span class='ocr_line' id='line_1_33' title="bbox 98 2617 947 2690; baseline -0.001 -16"><span class='ocrx_word' id='word_1_212' title='bbox 98 2621 192 2688; x_wconf 91' lang='lat' dir='ltr'><strong>Usque</strong></span> <span class='ocrx_word' id='word_1_213' title='bbox 209 2619 363 2674; x_wconf 84' lang='lat' dir='ltr'><strong>laborantes</strong></span> <span class='ocrx_word' id='word_1_214' title='bbox 376 2617 445 2676; x_wconf 72' lang='lat' dir='ltr'><strong>¹dum</strong></span> <span class='ocrx_word' id='word_1_215' title='bbox 464 2617 566 2671; x_wconf 84' lang='lat' dir='ltr'><strong>ferrum</strong></span> <span class='ocrx_word' id='word_1_216' title='bbox 584 2617 687 2674; x_wconf 83' lang='lat' dir='ltr'><strong>molliat</strong></span> <span class='ocrx_word' id='word_1_217' title='bbox 704 2621 782 2690; x_wconf 77' lang='lat' dir='ltr'><strong>ignis,</strong></span> <span class='ocrx_word' id='word_1_218' title='bbox 922 2637 947 2673; x_wconf 80' lang='lat' dir='ltr'><strong>·:o</strong></span> 
     </span>
     <span class='ocr_line' id='line_1_34' title="bbox 96 2692 755 2750; baseline -0.002 -1"><span class='ocrx_word' id='word_1_219' title='bbox 96 2696 137 2750; x_wconf 93' lang='lat' dir='ltr'><strong>Ut</strong></span> <span class='ocrx_word' id='word_1_220' title='bbox 154 2695 240 2748; x_wconf 84' lang='lat' dir='ltr'><strong>mavis</strong></span> <span class='ocrx_word' id='word_1_221' title='bbox 256 2692 386 2746; x_wconf 85' lang='lat' dir='ltr'><strong>imitare.’&#39;</strong></span> <span class='ocrx_word' id='word_1_222' title='bbox 422 2693 525 2747; x_wconf 84' lang='lat' dir='ltr'><strong>Beatus</strong></span> <span class='ocrx_word' id='word_1_223' title='bbox 543 2693 664 2748; x_wconf 86' lang='lat' dir='ltr'><strong>Fannius</strong></span> <span class='ocrx_word' id='word_1_224' title='bbox 681 2695 755 2748; x_wconf 88' lang='lat' dir='ltr'><strong>ultro</strong></span> 
     </span>
    </p>

    <p class='ocr_par' dir='ltr' id='par_1_19' title="bbox 95 2767 755 2837">
     <span class='ocr_line' id='line_1_35' title="bbox 95 2767 755 2837; baseline 0.002 -14"><span class='ocrx_word' id='word_1_225' title='bbox 95 2769 201 2824; x_wconf 88' lang='lat' dir='ltr'><strong>Dolatis</strong></span> <span class='ocrx_word' id='word_1_226' title='bbox 219 2768 306 2837; x_wconf 88' lang='lat' dir='ltr'><strong>capsis</strong></span> <span class='ocrx_word' id='word_1_227' title='bbox 323 2770 353 2821; x_wconf 86' lang='lat' dir='ltr'><strong>ct</strong></span> <span class='ocrx_word' id='word_1_228' title='bbox 369 2767 501 2834; x_wconf 54' lang='lat' dir='ltr'><strong>imagine</strong></span> <span class='ocrx_word' id='word_1_229' title='bbox 517 2784 579 2822; x_wconf 90' lang='lat' dir='ltr'><strong>eum</strong></span> <span class='ocrx_word' id='word_1_230' title='bbox 596 2785 658 2823; x_wconf 87' lang='lat' dir='ltr'><strong>mea</strong></span> <span class='ocrx_word' id='word_1_231' title='bbox 674 2787 755 2824; x_wconf 88' lang='lat' dir='ltr'><strong>nemo</strong></span> 
     </span>
    </p>

    <p class='ocr_par' dir='ltr' id='par_1_20' title="bbox 96 2842 885 2912">
     <span class='ocr_line' id='line_1_36' title="bbox 96 2842 885 2912; baseline 0.003 -14"><span class='ocrx_word' id='word_1_232' title='bbox 96 2845 204 2912; x_wconf 80' lang='lat' dir='ltr'><strong>Scripta</strong></span> <span class='ocrx_word' id='word_1_233' title='bbox 220 2845 294 2911; x_wconf 82' lang='lat' dir='ltr'><strong>legat</strong></span> <span class='ocrx_word' id='word_1_234' title='bbox 311 2842 391 2909; x_wconf 79' lang='lat' dir='ltr'><strong>vulgo</strong></span> <span class='ocrx_word' id='word_1_235' title='bbox 408 2843 524 2896; x_wconf 88' lang='lat' dir='ltr'><strong>recitare</strong></span> <span class='ocrx_word' id='word_1_236' title='bbox 542 2843 664 2898; x_wconf 89' lang='lat' dir='ltr'><strong>timentis</strong></span> <span class='ocrx_word' id='word_1_237' title='bbox 681 2845 716 2899; x_wconf 92' lang='lat' dir='ltr'><strong>ob</strong></span> <span class='ocrx_word' id='word_1_238' title='bbox 734 2846 802 2899; x_wconf 86' lang='lat' dir='ltr'><strong>hano</strong></span> <span class='ocrx_word' id='word_1_239' title='bbox 819 2863 885 2912; x_wconf 84' lang='lat' dir='ltr'><strong>rom,</strong></span> 
     </span>
    </p>

    <p class='ocr_par' dir='ltr' id='par_1_21' title="bbox 30 2917 947 3126">
     <span class='ocr_line' id='line_1_37' title="bbox 30 2917 941 2990; baseline 0.008 -21"><span class='ocrx_word' id='word_1_240' title='bbox 30 2926 36 2936; x_wconf 93' lang='grc'><strong>’</strong></span> <span class='ocrx_word' id='word_1_241' title='bbox 96 2919 177 2982; x_wconf 86' lang='lat' dir='ltr'><strong>Quod</strong></span> <span class='ocrx_word' id='word_1_242' title='bbox 192 2923 256 2971; x_wconf 90' lang='lat' dir='ltr'><strong>sunt</strong></span> <span class='ocrx_word' id='word_1_243' title='bbox 269 2933 337 2985; x_wconf 89' lang='lat' dir='ltr'><strong>quos</strong></span> <span class='ocrx_word' id='word_1_244' title='bbox 350 2933 436 2984; x_wconf 82' lang='lat' dir='ltr'><strong>genus</strong></span> <span class='ocrx_word' id='word_1_245' title='bbox 450 2917 501 2970; x_wconf 91' lang='lat' dir='ltr'><strong>hoe</strong></span> <span class='ocrx_word' id='word_1_246' title='bbox 514 2917 625 2972; x_wconf 89' lang='lat' dir='ltr'><strong>minimo</strong></span> <span class='ocrx_word' id='word_1_247' title='bbox 638 2920 726 2987; x_wconf 86' lang='lat' dir='ltr'><strong>juvat,</strong></span> <span class='ocrx_word' id='word_1_248' title='bbox 737 2925 834 2989; x_wconf 79' lang='lat' dir='ltr'><strong>utpote</strong></span> <span class='ocrx_word' id='word_1_249' title='bbox 846 2922 941 2990; x_wconf 82' lang='lat' dir='ltr'><strong>plures</strong></span> 
     </span>
     <span class='ocr_line' id='line_1_38' title="bbox 96 2990 947 3058; baseline 0.009 -15"><span class='ocrx_word' id='word_1_250' title='bbox 96 2991 206 3058; x_wconf 80' lang='lat' dir='ltr'><strong>culpari</strong></span> <span class='ocrx_word' id='word_1_251' title='bbox 224 2992 327 3058; x_wconf 84' lang='lat' dir='ltr'><strong>dignos.</strong></span> <span class='ocrx_word' id='word_1_252' title='bbox 362 2990 489 3054; x_wconf 81' lang='lat' dir='ltr'><strong>Quemvis</strong></span> <span class='ocrx_word' id='word_1_253' title='bbox 506 2992 597 3045; x_wconf 88' lang='lat' dir='ltr'><strong>media</strong></span> <span class='ocrx_word' id='word_1_254' title='bbox 615 3012 679 3048; x_wconf 86' lang='lat' dir='ltr'><strong>crue</strong></span> <span class='ocrx_word' id='word_1_255' title='bbox 695 2996 790 3050; x_wconf 86' lang='lat' dir='ltr'><strong>turba:</strong></span> <span class='ocrx_word' id='word_1_256' title='bbox 921 3017 947 3056; x_wconf 76' lang='lat' dir='ltr'><strong>as</strong></span> 
     </span>
     <span class='ocr_line' id='line_1_39' title="bbox 97 3064 840 3126; baseline 0.007 -6"><span class='ocrx_word' id='word_1_257' title='bbox 97 3066 157 3120; x_wconf 81' lang='lat' dir='ltr'><strong>Aut</strong></span> <span class='ocrx_word' id='word_1_258' title='bbox 174 3064 208 3116; x_wconf 93' lang='lat' dir='ltr'><strong>ob</strong></span> <span class='ocrx_word' id='word_1_259' title='bbox 225 3064 366 3120; x_wconf 85' lang='lat' dir='ltr'><strong>avaritiam</strong></span> <span class='ocrx_word' id='word_1_260' title='bbox 383 3069 431 3117; x_wconf 87' lang='lat' dir='ltr'><strong>aut</strong></span> <span class='ocrx_word' id='word_1_261' title='bbox 447 3066 547 3120; x_wconf 85' lang='lat' dir='ltr'><strong>misera</strong></span> <span class='ocrx_word' id='word_1_262' title='bbox 563 3067 711 3122; x_wconf 87' lang='lat' dir='ltr'><strong>ambitione</strong></span> <span class='ocrx_word' id='word_1_263' title='bbox 728 3070 840 3126; x_wconf 76' lang='lat' dir='ltr'><strong>laborat</strong></span> 
     </span>
    </p>

    <p class='ocr_par' dir='ltr' id='par_1_22' title="bbox 97 3136 832 3212">
     <span class='ocr_line' id='line_1_40' title="bbox 97 3136 832 3212; baseline 0.007 -19"><span class='ocrx_word' id='word_1_264' title='bbox 97 3139 153 3194; x_wconf 87' lang='lat' dir='ltr'><strong>llic</strong></span> <span class='ocrx_word' id='word_1_265' title='bbox 169 3140 316 3205; x_wconf 87' lang='lat' dir='ltr'><strong>nuptarum</strong></span> <span class='ocrx_word' id='word_1_266' title='bbox 333 3136 434 3190; x_wconf 86' lang='lat' dir='ltr'><strong>insanit</strong></span> <span class='ocrx_word' id='word_1_267' title='bbox 450 3137 594 3208; x_wconf 85' lang='lat' dir='ltr'><strong>amoribus,</strong></span> <span class='ocrx_word' id='word_1_268' title='bbox 604 3141 655 3196; x_wconf 78' lang='lat' dir='ltr'><strong>,lric</strong></span> <span class='ocrx_word' id='word_1_269' title='bbox 669 3159 832 3212; x_wconf 66' lang='lat' dir='ltr'><strong>puerorum</strong></span> 
     </span>
    </p>
   </div>
   <div class='ocr_carea' id='block_1_6' title="bbox 0 0 1076 3410">
    <p class='ocr_par' dir='ltr' id='par_1_23' title="bbox 0 0 1076 3410">
     <span class='ocr_line' id='line_1_41' title="bbox 0 0 1076 3410; baseline 0 0"><span class='ocrx_word' id='word_1_270' title='bbox 0 0 1076 3410; x_wconf 95' lang='lat' dir='ltr'><strong> </strong></span> 
     </span>
    </p>
   </div>
  </div>
 </body>
</html>
