2144 3420
131 141 178 189 lot
374 134 558 192 ,nonam
576 131 705 182 runem

129 218 202 282 Quid
213 215 336 271 studiosa
348 215 444 271 cohors
456 229 568 282 operum
580 211 679 267 strniti
710 209 774 268 Hoc
785 230 894 284 quoquo
907 227 990 270 curo.

129 292 196 356 Quis
214 291 266 346 sibi
283 308 329 346 res
345 293 438 359 gestas
456 289 577 358 Augusti
593 283 712 344 anteo
729 290 830 344 sumiti
1034 347 1040 354 ,

129 368 207 424 Bella
224 368 286 437 quis
302 371 331 422 ct
348 383 430 435 paces
447 366 558 434 longum
576 361 706 420 diffundit
721 365 751 419 in
768 368 884 422 aurumi
1058 361 1059 450 i

130 443 204 507 Quid
221 443 310 498 'litias
327 443 450 496 Romana
466 441 544 495 brevi
560 445 692 495 venturus
708 441 737 494 iu
755 443 819 496 oroi
1058 479 1059 510 ff

131 513 268 572 Pindarici
284 517 368 570 fontis
386 517 434 586 qui
451 533 506 570 non
524 517 656 584 expalluit
672 516 794 584 haustus,
965 532 989 574 ιι
1058 537 1059 552 ³

131 593 269 647 Fastidire
285 592 360 646 lacus
378 597 412 646 ct
424 591 597 646 rivosausus
614 596 731 660 apertos

130 669 171 722 Ut
188 668 278 722 valeti
295 671 328 722 ut
345 667 470 720 meminit
486 667 588 721 nostrii
624 666 774 721 Fidibusne
790 667 894 722 Latini

130 741 274 797 Thebanos
293 745 389 810 aptare
399 741 502 799 ,modos
519 742 615 796 studet
631 743 740 810 auspice
758 742 846 811 Musa,

105 839 108 845 ·
132 820 177 872 An
195 817 300 886 tragica
316 817 439 872 desaevit
456 820 485 871 et
502 817 667 885 ampullatur
683 819 713 870 in
730 819 807 872 amet
838 831 871 843 ’-

132 892 205 958 Quid
213 893 280 946 mihi
290 893 385 946 Celsus
396 893 469 959 agitl
487 893 607 946 monitus
614 893 785 962 multumque
796 893 950 947 monendus
961 909 985 948 ιι

132 967 257 1022 Privatus
273 971 306 1021 ut
324 971 439 1035 quaerat
456 984 529 1035 opes,
547 971 576 1020 et
592 971 707 1034 tangere
723 969 794 1022 vitot

132 1043 241 1111 Scripta
258 1042 398 1098 Palatinus
415 1059 592 1111 quaecunque
612 1043 717 1110 recepit
735 1042 841 1112 Apollo,

132 1118 158 1171 N
160 1134 176 1170 e
194 1118 217 1170 si
234 1117 306 1172 ferte
324 1133 387 1170 suas
403 1117 551 1184 repetitum
568 1118 676 1170 venerit
692 1117 756 1170 olim
814 1127 817 1134 ’

133 1193 208 1245 Grex
226 1192 316 1244 avium
334 1192 440 1260 plumas
458 1195 567 1246 moreat
583 1192 719 1245 cornicula
735 1192 820 1246 risum

20 1310 23 1318 ,
134 1266 254 1320 Furtivis
271 1266 374 1320 nudata
391 1265 532 1320 coloribus.
568 1267 633 1334 Ipse
650 1267 719 1338 qnid
734 1267 837 1322 audesi
956 1283 983 1322 :e

134 1343 209 1406 Quae
227 1341 426 1394 circumvolitas
443 1341 523 1408 agilis
539 1341 649 1409 thymal
685 1342 747 1395 Non
765 1343 817 1396 tibi
833 1359 948 1411 parrum

134 1414 285 1482 ingenium,
303 1429 357 1468 non
375 1415 506 1469 incultum
524 1418 568 1468 est
585 1419 614 1470 et
630 1417 750 1485 turpiter
766 1417 875 1471 irirtum

134 1491 189 1543 Seu
205 1489 326 1557 linguam
344 1491 431 1544 causis
448 1491 522 1544 acuis
540 1507 589 1544 scu
606 1491 690 1545 civica
703 1492 769 1559 jura

134 1564 312 1632 ltcspondere
328 1581 408 1632 paras
426 1581 474 1620 sou
492 1565 585 1620 condis
602 1567 718 1620 curabile
734 1583 850 1633 carmen,

135 1640 227 1693 Prima
243 1640 315 1693 feres
332 1640 450 1696 hederae
466 1641 586 1694 victricis
603 1643 731 1710 praemia
766 1643 870 1706 Quodsi
955 1657 980 1699 25

135 1715 247 1782 Frigida
264 1731 390 1768 curarum
407 1715 528 1782 fomenta
544 1717 697 1785 relinquere
715 1733 808 1786 posses
1059 1734 1060 1822 q

135 1790 196 1854 Quo
213 1793 243 1843 to
260 1790 383 1844 caelestis
401 1791 534 1858 sapientie
551 1791 664 1846 duceret
681 1794 742 1869 ires.

135 1865 196 1919 Hoc
213 1881 288 1933 opus,
305 1864 356 1920 boc
373 1865 494 1924 studium
511 1867 589 1934 parvi
606 1881 782 1936 properemus
800 1869 829 1923 et
846 1870 927 1938 ampli

135 1939 164 1993 si
181 1939 286 2008 patriae
303 1940 434 2007 volumus,
452 1941 475 1994 si
492 1942 571 1995 nobis
588 1942 678 1996 virere
696 1943 758 1997 cari.
1059 1919 1060 2010 i

134 2014 226 2069 Debes
243 2015 295 2069 hoe
312 2015 395 2072 otiam
412 2017 570 2084 rescribere,
588 2018 611 2070 si
629 2017 681 2072 tibi
698 2034 779 2072 curae
953 2035 976 2075 ιι
1059 2039 1060 2088 ι

135 2089 259 2152 Quantae
277 2090 419 2144 conveniat
436 2091 591 2157 Munatius;
609 2109 644 2146 an
660 2093 823 2148 malesarta
1059 2089 1060 2096 '

135 2165 232 2218 Gratia
249 2165 428 2233 nequicquam
445 2166 500 2219 coit
517 2169 548 2224 et
565 2168 735 2234 rescinditur.
770 2171 811 2222 At
828 2185 877 2223 vos

135 2242 190 2294 Seu
207 2239 310 2293 calidus
328 2241 437 2307 sangnis
455 2257 503 2294 seu
519 2258 611 2295 rerum
629 2244 736 2297 inscitia
752 2249 834 2298 vexat

136 2315 275 2368 Indomita
292 2315 395 2367 uertice
412 2317 492 2383 feros,
510 2316 663 2386 ubieunque
681 2319 799 2372 locorum

135 2390 243 2456 vivitis,
261 2389 366 2457 indigni
383 2391 534 2444 fraternum
552 2409 678 2461 rumpere
695 2394 799 2461 foedus,
952 2411 975 2452 ts

137 2465 259 2519 Pascitur
275 2465 305 2519 in
321 2468 443 2520 vestrum
460 2467 580 2521 reditum
598 2470 688 2523 votiva
700 2469 824 2537 juvenca
915 2497 921 2567 ἱ

135 2693 217 2756 Ausi,
233 2692 388 2746 nostrornm
406 2709 560 2747 sermonum
579 2695 693 2747 candide
705 2695 801 2762 juder,

81 2815 94 2831 .,
136 2767 207 2832 Quid
224 2773 295 2820 mure
312 2771 341 2820 to
359 2767 448 2820 dicam
465 2769 555 2822 facere
571 2769 599 2821 in
617 2770 727 2836 regione
749 2771 877 2826 Pedanni

91 2834 112 2903 'a
135 2840 260 2893 Scribere
277 2841 351 2908 quod
369 2841 445 2894 Cassi
463 2842 617 2896 Parmensis
634 2837 761 2911 o'puscula
778 2845 876 2914 rinmt,

136 2916 180 2964 nn
198 2913 311 2965 tacitum
330 2913 410 2966 silvas
427 2915 500 2968 inter
517 2921 627 2984 reptare
645 2917 774 2986 salubres,

136 2987 284 3039 (iurantem
301 2987 436 3054 quidquid
454 2989 565 3056 dignum
584 2993 706 3058 sapiente
723 2993 848 3064 bonoque
865 2998 924 3051 esti
961 3011 972 3052 t

135 3058 162 3110 N
163 3073 198 3110 on
214 3062 246 3110 tu
263 3074 360 3126 corpus
378 3077 439 3114 eras
457 3064 515 3115 sino
532 3069 648 3132 pectore.
684 3067 720 3122 Di
737 3069 789 3124 tibi
807 3071 926 3138 feramur,

136 3129 173 3184 Di
190 3129 241 3183 tibi
259 3129 368 3184 divitias
385 3134 522 3188 dederunt
538 3143 680 3207 artemque
697 3143 812 3198 fruendi.
