2126 3410
402 165 555 216 nonnum
572 164 702 215 runem
741 152 745 158 '

235 246 308 305 Satis
325 262 460 315 superque
476 261 520 299 me
537 240 692 312 benignitas
709 246 759 297 tua

269 321 391 375 Ditavit:
409 320 483 374 haud
499 335 631 388 paravero

235 395 315 462 Quod
332 399 380 450 sut
396 411 492 449 avarus
509 397 541 448 nt
559 393 690 448 Chremes
708 395 784 445 terra
801 406 935 460 premam,

270 471 423 524 Discinctus
439 471 487 524 aut
504 468 618 538 perdam
634 483 727 536 nepos.

237 694 348 750 Bnarus
366 693 412 748 ille
429 693 477 762 qui
493 693 586 762 procul
602 691 725 761 negotiis,

271 771 311 824 Ut
328 770 417 838 prisca
433 785 500 836 gens
517 768 679 835 mortalium,

237 843 355 898 Paterna
372 860 436 897 rura
453 842 539 896 bobus
557 845 666 897 exercet
683 841 746 909 suis,

271 920 381 974 Solutus
398 919 470 972 omni
488 917 588 980 fenore.
1055 932 1056 1012 p

237 994 488 1064 Nequeexcitutur
505 993 615 1048 classico
632 993 709 1046 miles
725 991 803 1060 truci,
972 1005 986 1045 s
1055 1017 1056 1020 ¹

271 1069 368 1138 Neque
385 1069 478 1122 horret
494 1067 595 1122 iratum
612 1083 694 1134 arare,
1055 1067 1056 1078 ¹

237 1143 392 1212 Forumque
409 1144 480 1197 vitat
496 1147 526 1197 et
543 1143 660 1212 superba
676 1142 774 1196 civium

272 1218 459 1272 Potentiorum
476 1217 576 1274 limina.

237 1295 310 1361 Ergo
327 1296 375 1346 aut
392 1293 486 1346 adulta
503 1293 598 1346 vitium
616 1292 762 1362 propagine

271 1367 352 1422 Altas
369 1367 480 1421 maritat
495 1367 614 1436 populos,

237 1444 297 1498 Aut
313 1443 342 1496 in
359 1442 473 1496 reducta
490 1441 560 1496 valle
577 1441 755 1510 mugientium

272 1518 432 1586 Prospectat
450 1520 572 1570 errantes
589 1533 694 1585 greges,

237 1593 406 1660 Inutilesque
424 1591 492 1646 sulco
508 1607 598 1645 ramos
614 1595 757 1660 amputans

271 1667 415 1721 Feliciores
432 1665 536 1733 inserit,
752 1709 755 1715 .

237 1742 297 1796 Aut
313 1757 408 1808 pressa
424 1739 499 1809 puris
516 1740 597 1794 mella
614 1741 706 1795 condit
723 1740 866 1810 amphoris,
966 1755 989 1794 15
1057 1807 1058 1816 ἵ

273 1816 332 1870 Aut
348 1815 447 1870 tondet
464 1815 584 1868 infirmas
601 1831 682 1880 oves3

236 1889 289 1944 Vel
306 1906 368 1944 cum
385 1889 512 1942 decorum
529 1889 641 1943 mitibus
658 1892 745 1960 pomis
761 1893 843 1958 caput

271 1965 444 2018 Auctumnus
461 1963 533 2030 aguis
551 1964 656 2032 extulit,
681 2025 686 2036 ,

236 2039 277 2093 Ut
294 2038 396 2106 gaudet
413 2039 522 2092 insitiva
539 2039 686 2108 decerpens
703 2043 769 2110 pira,

271 2113 428 2167 (tentantem
446 2117 475 2167 et
491 2129 572 2167 uvam
588 2131 732 2184 purpurae,
958 2142 987 2178 ρο

236 2188 296 2252 Qua
311 2192 470 2242 muneretur
487 2192 523 2255 te,
543 2189 648 2258 Priape,
665 2195 695 2244 et
711 2196 748 2258 te,
764 2197 844 2260 pater

270 2263 385 2330 Silvano,
403 2267 479 2316 tutor
496 2264 606 2318 finium!

236 2336 318 2391 Libet
330 2337 423 2404 jacere
440 2338 521 2390 modo
539 2338 590 2391 sub
607 2339 720 2410 antiquis
736 2343 803 2412 ilice,

270 2411 354 2464 Modo
371 2412 399 2464 in
417 2413 505 2466 tenaci
523 2415 652 2480 gramine,
792 2438 798 2446 ·

236 2486 378 2540 Labuntur
395 2485 458 2539 altis
475 2487 585 2540 interim
603 2489 669 2557 ripis
686 2507 780 2560 aquae,
959 2513 988 2553 ss

271 2561 428 2625 Quenmtur
444 2561 473 2614 in
491 2562 565 2616 silvis
582 2580 652 2630 ares,
722 2601 726 2608 ·

236 2634 392 2703 Fontesque
409 2635 527 2704 lymphis
536 2638 706 2707 obstrepunt
723 2641 904 2712 manantibus,
940 2691 945 2698 .

271 2710 384 2764 Somnos
401 2710 475 2778 quod
492 2710 590 2767 invitet
607 2713 688 2768 leves.

237 2783 278 2838 At
295 2801 357 2838 cum
373 2785 493 2838 tonantis
511 2801 597 2840 annus
614 2787 744 2844 hibernus
761 2791 781 2844 J
782 2792 839 2845 oris

271 2857 379 2911 Imbres
395 2859 526 2927 nivesque
542 2867 686 2931 comparat,
959 2889 989 2930 η

238 2933 297 2983 Aut
313 2931 402 2985 trudit
418 2948 494 2986 acres
512 2933 574 2988 hinc
591 2941 621 2990 ct
638 2937 700 2991 hinc
717 2941 804 2994 multa
820 2958 887 2997 cuno

272 3006 363 3069 Apros
380 3005 408 3056 in
426 3005 566 3060 obstantes
582 3010 684 3078 plagas,

239 3073 299 3126 Aut
315 3075 398 3128 amite
415 3077 468 3129 ieri
486 3095 548 3132 rara
565 3083 655 3138 tendit
671 3087 747 3153 retia,

273 3143 370 3221 Turdis
387 3148 515 3204 edacibus
532 3153 614 3221 dolos
