2144 3420
333 131 586 184 EPISTOLARUM
603 134 640 184 11.
662 133 683 186 1.
891 131 936 188 187

80 214 135 268 Nil
153 215 229 268 iutra
246 214 291 266 est
308 213 403 279 oleam,
421 213 459 266 nil
477 218 557 268 extra
574 218 617 268 est
634 215 663 266 in
681 230 750 268 nuce
767 214 844 280 duri;

81 289 223 343 Venimus
240 289 277 342 ad
294 303 430 342 summum
447 289 590 355 fortunae3
610 291 746 358 pingimus
764 295 847 359 atque

82 365 236 418 Psallimus
253 369 282 418 et
301 366 436 418 luctamur
455 365 566 418 Achivis
584 364 690 418 doctius
708 366 803 420 unctis

83 439 118 493 si
136 439 252 493 meliora
269 439 329 494 dies
346 444 378 494 ut
395 440 458 494 vina
475 443 601 508 poemata
618 439 719 508 reddit,

84 514 167 568 Scire
186 514 266 568 velim
284 515 387 568 chartis
403 515 523 582 pretium
541 519 641 584 quotus
658 519 767 583 arroget
783 533 875 570 annus.
916 535 939 576 su

85 589 215 657 Scriptor
232 589 331 643 abhinc
348 606 431 642 annos
449 594 558 644 centum
577 591 624 658 qui
642 589 745 644 decidit
762 591 834 645 inter

85 664 234 718 Peri'ectcs
251 669 413 733 veteresque
431 665 528 719 referri
546 665 638 732 debet,
656 682 690 718 an
707 667 780 720 iuter

85 741 111 791 ι’
117 741 170 793 iles
187 744 272 809 atque
289 743 390 794 novosl
426 740 562 794 Excludat
576 740 670 808 jurgia
687 741 755 795 finis.
808 735 815 744 ’

87 815 143 868 Est
160 820 241 869 vetus
259 819 343 884 atque
361 814 462 884 probus
479 821 588 870 centum
606 816 653 884 qui
671 817 779 884 perficit
795 833 886 872 annea

87 891 174 958 Quid,
192 891 240 960 qui
258 891 376 959 deperiit
393 891 480 944 minor
497 907 551 944 uno
568 907 662 944 mense
679 891 729 956 vel,
740 908 817 960 anne,
829 911 842 926 ‘
916 907 939 945 ru

87 965 172 1018 Inter
189 982 259 1034 quos
276 965 437 1020 referendus
455 967 529 1021 eritl
551 969 693 1020 veteresne
710 972 811 1036 poetas,

89 1044 139 1094 An
159 1057 227 1109 quos
245 1045 274 1096 et
291 1058 420 1111 praesens
437 1045 467 1095 et
483 1045 594 1111 postera
611 1047 722 1110 respuat
740 1043 835 1098 aetas?
892 1065 897 1072 ·

89 1117 154 1170 Istc
173 1117 286 1186 quidem
304 1121 411 1170 veteres
428 1117 502 1170 inter
519 1120 637 1186 ponetur
653 1117 767 1171 honeste

90 1191 146 1259 Qui
164 1191 207 1246 vel
225 1209 319 1245 mense
336 1192 414 1246 brevi
432 1194 480 1247 vel
492 1197 552 1246 toto
569 1198 613 1246 est
626 1192 720 1260 junior
737 1209 812 1249 enno.

89 1267 166 1322 Uter
181 1268 314 1336 'permisso
333 1269 490 1337 caudaeque
508 1269 577 1336 pilos
594 1272 627 1322 ut
644 1269 758 1337 equinae
916 1284 939 1324 rs

90 1343 230 1396 Paulatim
248 1343 318 1397 vello
332 1348 361 1398 et
375 1344 455 1397 demo
473 1361 564 1412 unum,
577 1343 657 1397 demo
674 1348 703 1397 et
720 1344 787 1398 item
804 1360 896 1410 unum,

90 1417 167 1472 Dum
186 1419 266 1472 cadat
284 1419 375 1472 elusus
392 1420 498 1472 ratione
515 1419 619 1472 ruentis
636 1419 725 1471 acervi

91 1495 147 1557 Qui
165 1494 240 1548 redit
256 1495 285 1546 in
303 1495 388 1548 fastos
406 1499 435 1548 et
452 1495 584 1548 virtutem
602 1493 729 1546 aestimat
746 1494 830 1562 annis,

92 1569 270 1638 Miraturque
288 1569 354 1622 nihil
371 1569 423 1622 nisi
442 1570 516 1638 quod
534 1568 655 1622 Libitina
671 1569 793 1636 sacravit

92 1644 198 1697 Ennius
216 1650 244 1698 et
262 1645 369 1712 sapiens
387 1649 415 1698 et
432 1644 511 1697 fertis
529 1647 558 1698 et
575 1644 646 1697 alter
665 1643 810 1712 Homerus,
913 1658 938 1698 ra

92 1719 135 1773 Ut
152 1719 239 1772 critici
258 1720 360 1786 dicunt,
378 1719 476 1773 leviter
493 1736 588 1773 curare
606 1719 715 1772 videtur

94 1794 156 1858 Quo
174 1795 307 1863 premissa
324 1795 422 1848 cadant
440 1799 469 1848 et
487 1795 590 1848 somnia
609 1793 785 1862 Pythagorea
843 1813 846 1818 ·
900 1853 905 1862 ,

94 1870 216 1924 Naevius
233 1870 261 1923 in
280 1871 404 1924 munibus
422 1887 476 1923 non
494 1873 536 1924 est
554 1875 584 1924 et
600 1869 738 1923 mentibus
755 1869 852 1924 haeret

96 1944 186 2000 Paene
205 1947 317 1999 recensi
354 1945 434 1998 Adeo
453 1949 575 1998 sanctum
589 1949 632 2000 est
650 1949 728 1998 vetus
743 1961 821 1997 omne
835 1949 940 2014 poema.

12 2085 13 2088 Ἴ
96 2019 255 2088 Amhigitur
273 2020 398 2088 quotiens
415 2024 478 2074 uter
495 2024 557 2074 utro
576 2021 612 2073 sit
629 2021 711 2088 prior,
729 2020 819 2074 aufert
916 2035 940 2074 tr

12 2091 18 2140 Γ
101 2096 235 2149 Pacuvius
254 2095 327 2149 docti
345 2097 444 2148 famam
462 2096 661 2162 senis‚'Accins
678 2096 735 2162 alti,

97 2168 205 2226 Dicitur
226 2171 323 2226 Afrani
342 2175 407 2239 toga
424 2171 580 2224 convenisse
598 2171 758 2238 Menandro,

98 2247 210 2300 Plautus
228 2246 264 2310 ad
282 2241 521 2320 exemplar'Siculi
538 2263 684 2314 properare
704 2246 865 2314 Epicharmi,

97 2319 215 2376 Vincere
235 2323 367 2388 Caecilius
384 2321 525 2389 gravitate,
544 2321 688 2374 Terentius
706 2326 773 2376 arte.
835 2359 838 2362 -

98 2397 156 2450 Hes
174 2397 272 2450 ediscit
290 2401 319 2451 et
336 2397 386 2450 hos
403 2401 479 2450 arcto
498 2397 599 2466 stipata
616 2395 726 2450 theatro
915 2415 939 2454 ω

98 2473 210 2541 Spectat
228 2473 316 2525 Roma
332 2476 447 2541 potens;
472 2471 556 2525 habet
574 2471 624 2524 hos
642 2473 821 2540 numeratque
839 2476 934 2540 poetas

98 2547 144 2601 Ad
161 2552 284 2602 nostrum
302 2551 411 2616 tempus
430 2547 490 2600 hivi
509 2545 649 2616 scriptoris
666 2545 700 2598 ab
719 2563 792 2598 aevo.

99 2623 241 2676 interdum
259 2623 355 2690 uulgus
373 2626 478 2676 rectum
495 2622 578 2690 videt,
596 2625 639 2675 est
655 2621 703 2674 ubi
720 2626 822 2690 peccat.

12 2721 13 2756 ι
99 2699 126 2752 Si
144 2703 249 2752 veteres
267 2698 307 2751 ita
323 2699 439 2751 miratur
456 2697 605 2764 laudatque
622 2701 717 2764 poetas

98 2773 138 2827 Ut
154 2773 221 2827 nihil
239 2773 375 2827 anteierat
392 2773 459 2826 nihil
477 2772 531 2825 illis
548 2775 695 2840 comparet,
713 2774 805 2827 errat:
879 2767 889 2788 ⁶
918 2785 941 2826 u

99 2849 127 2902 Si
145 2849 279 2918 quaedem
296 2849 377 2902 nimis
395 2849 515 2918 antique,
534 2848 557 2919 ei
574 2847 704 2916 pleraque
722 2845 791 2900 dure

98 2923 196 2978 Dicere
213 2923 303 2978 credit
320 2940 375 2992 ees,
393 2924 489 2992 ignave
506 2922 593 2976 multa
609 2921 720 2994 fatetur,

12 3015 13 3018 ’
99 2999 135 3054 Et
151 2999 222 3069 sapit
240 3003 269 3052 ct
287 3016 392 3053 mecum
410 2999 474 3052 lacit
492 3002 521 3051 et
539 2997 608 3050 Jove
622 2997 729 3063 judicat
747 3011 842 3064 neque.

99 3073 159 3128 Non
177 3075 305 3144 equidem
323 3075 441 3128 insector
459 3072 630 3139 delendaque
648 3071 767 3124 carmina
785 3069 845 3124 Livi

100 3149 165 3220 Esse
180 3167 251 3219 reor,
269 3149 379 3204 memini
398 3163 468 3216 quae
485 3146 625 3214 plagosum
643 3145 710 3198 mihi
727 3160 812 3214 parvo
916 3159 940 3203 rc
