2144 3420
148 135 194 186 lit
423 133 578 184 nonam
590 133 725 186 rumor

146 212 188 266 'lu
206 208 305 281 quotue
323 210 384 266 eise
400 213 469 266 velis
487 213 614 282 rescribe,
632 214 662 268 et
677 206 761 268 relies
779 213 884 269 omissis
980 229 1005 271 u

147 283 229 342 Atria
246 289 399 342 servantem
417 289 522 356 postico
540 288 603 342 sallo
621 286 756 344 clientem.
848 317 909 400 >Z

555 438 605 494 VL

149 531 204 586 Nrn
223 531 352 586 admirari
369 545 455 601 prope
473 547 520 586 res
538 534 581 586 est
597 549 658 602 una,
675 531 793 599 Numici,

150 607 265 674 Solaque
284 623 353 675 quac
370 607 456 674 possit
474 606 564 660 iacere
583 609 612 660 et
630 621 740 660 servare
757 607 875 662 beatum.

149 681 232 734 Hunc
250 681 333 734 solem
352 680 491 735 etstellas
508 683 538 736 et
556 680 718 736 decedentia
735 683 818 734 cartis

150 755 283 823 Tempora
300 757 444 810 momentis
463 759 527 810 eunt
545 755 592 825 qui
610 756 753 809 formidine
771 757 845 809 nulla

150 825 254 884 imbuti
272 834 408 898 spectent}
427 831 494 898 quid
511 847 605 886 censes
623 847 736 884 munera
752 835 851 898 terrae,

150 904 223 968 Quid
239 904 320 958 man's
338 908 476 959 extremos
496 907 603 960 Arabas
622 906 736 960 ditantis
754 909 783 960 et
803 906 929 984 Indos'j
1027 943 1059 978 ,Α

149 979 267 1034 Ludicra
285 981 359 1048 quid,
377 981 487 1050 plausus
505 985 534 1034 ct
552 981 630 1046 amici
649 980 720 1034 dona
741 947 897 1050 Quipltias
919 989 937 1036 d
967 973 987 1012 ι
1020 1027 1022 1032 .
1058 979 1059 990 ’

150 1053 210 1117 Quo
231 1055 380 1123 spectanda
397 1055 484 1123 modo,
503 1072 557 1122 quo
575 1072 656 1109 sensu
673 1055 762 1108 credis
772 1057 808 1108 'et
825 1053 892 1108 orel
1050 997 1059 1103 l

150 1127 203 1193 Qui
220 1129 300 1184 timet
317 1129 360 1182 hie
378 1130 492 1184 adversa
510 1131 569 1184 fere
586 1131 702 1184 miratur
720 1131 817 1186 eodem
904 1154 908 1160 ·

150 1203 209 1278 Quo
226 1205 338 1272 cupiens
354 1210 449 1276 paptm
466 1221 550 1273 pavor
567 1209 609 1259 eet
627 1205 773 1273 ntmbiquo
789 1203 919 1258 molestus
979 1219 1001 1258 ro

150 1279 302 1348 Improvisa
320 1279 400 1333 simul
418 1281 523 1349 species
540 1282 664 1334 exterret
685 1283 838 1348 utmmque.

149 1355 274 1410 Gaudeat
291 1372 326 1408 an
345 1355 443 1423 doleat,
462 1357 554 1424 cupiat
571 1359 720 1422 metuatne,
739 1355 806 1424 quid
823 1354 942 1422 adrem,

149 1429 178 1483 Si
197 1431 331 1499 quidquid
350 1431 420 1484 vidit
437 1431 535 1485 melius
553 1431 667 1500 pejusve
685 1447 735 1484 sua
752 1447 801 1498 spe

148 1505 253 1578 Delix‘p
270 1507 353 1560 oculis
371 1506 514 1578 animoque
532 1510 562 1560 et
577 1517 691 1575 corpore
708 1502 819 1574 torpeti

148 1579 241 1634 Insani
260 1581 367 1649 sapiens
385 1597 482 1634 nomen
499 1582 579 1647 ferat,
598 1595 701 1650 aequus
719 1576 829 1649 iniqni,·
979 1593 1001 1634 1⁵

135 1654 229 1708 'Ultra
246 1671 327 1723 quam
346 1656 411 1708 satis
429 1660 471 1709 est
489 1657 619 1710 virtutem
634 1656 657 1708 si
676 1651 863 1724 petatipsam.

147 1728 163 1782 Ι
180 1746 259 1797 nunc,
277 1734 421 1797 argentum
439 1734 468 1784 et
486 1735 701 1808 marmogvetuc
717 1745 835 1798 aeraque
853 1731 882 1782 et
899 1731 974 1782 artes

147 1797 266 1873 Suspice,
285 1823 346 1859 cum
364 1807 479 1873 gemmis
497 1806 589 1874 Tyrios
606 1805 707 1859 mirare
725 1805 850 1870 colores?

147 1879 243 1933 Gaude
262 1881 335 1948 quod
353 1884 478 1948 spectant
495 1881 564 1934 oculi
581 1885 611 1934 te
628 1879 702 1934 mille
718 1881 892 1949 loquentem

147 1954 173 2007 N
175 1971 240 2008 avus
258 1971 337 2008 mane
355 1956 444 2008 forum
461 1959 490 2008 et
507 1955 678 2024 vespertinus
695 1959 761 2024 pete
778 1959 890 2022 tectum,
959 1969 1000 2024 ¹eo

146 2028 173 2080 N
175 2046 190 2082 e
207 2030 268 2097 plus
283 2029 416 2084 frumenti
434 2030 571 2084 dotalibus
589 2033 692 2084 emetat
709 2030 781 2098 agris

147 2103 243 2158 Mutus
261 2108 306 2172 oti
316 2105 457 2172 indignum
476 2106 550 2173 quod
567 2105 611 2172 sit,
629 2105 770 2174 pejoribus
787 2076 906 2204 optus]

147 2179 202 2233 Hic
218 2179 270 2232 tibi
288 2176 324 2233 sit
340 2181 431 2248 potius
449 2197 531 2249 quam
548 2184 580 2234 tu
598 2180 730 2233 mirabilis
748 2179 795 2232 illi.

147 2254 288 2322 Quidquid
307 2254 358 2307 sub
376 2259 453 2308 terra
470 2259 513 2308 est
530 2256 558 2308 in
576 2255 697 2324 apricum
715 2255 836 2323 proferet
854 2255 945 2319 actas3

145 2328 274 2382 Defodiet
292 2329 445 2398 condetque
462 2331 585 2384 nitentia
621 2330 695 2385 (lum
709 2329 780 2382 bene
798 2331 893 2382 notum
972 2325 1011 2390 rr!

146 2403 272 2458 Porticus
291 2405 431 2472 Agrippae
449 2409 479 2457 et
496 2405 540 2458 via
557 2409 586 2458 te
603 2405 773 2473 conspexerit
792 2404 873 2471 Appi,
998 2404 1001 2414 ’

146 2477 193 2534 Ire
209 2481 303 2532 tamon
321 2482 408 2532 restat
426 2479 518 2531 Numa
536 2495 589 2548 quo
608 2479 719 2533 devenit
736 2483 765 2531 ot
784 2479 884 2530 Anaua.
917 2541 922 2550 ¹
976 2479 985 2506 '-

145 2553 175 2607 Si
192 2553 265 2609 letus
283 2557 331 2607 aut
348 2569 428 2606 renes
446 2554 541 2606 morbo
561 2558 703 2608 tentantur
721 2556 801 2607 acuto

145 2627 254 2690 Quaere
270 2628 363 2694 fugam
381 2627 475 2681 morbi.
512 2628 562 2681 Vis
579 2632 654 2682 recto
672 2630 777 2682 vivere:
795 2628 856 2696 quis
873 2628 949 2680 noni

144 2701 174 2756 si
191 2703 278 2756 virtus
295 2701 346 2754 hoc
363 2719 418 2756 una
435 2705 527 2770 potest
545 2703 619 2776 dare,
637 2695 717 2757 forti's
735 2703 840 2756 omissio
930 2703 936 2712 '
969 2716 993 2755 eo

144 2775 206 2829 Hoc
222 2793 273 2844 age
291 2775 402 2833 deliciis,
439 2777 578 2832 Virtutem
596 2778 681 2835 verba
697 2783 779 2846 putas
795 2781 825 2831 et

143 2849 248 2903 Lucum
265 2850 352 2917 ligna:
371 2867 436 2904 caro
452 2869 488 2907 ne
504 2857 600 2921 portus
617 2858 733 2922 occupet·
749 2853 826 2918 alter,

46 2980 50 2988 ¹
73 2929 125 2999 je:
144 2922 170 2974 N
173 2939 188 2975 e
206 2924 368 2991 Cibyratica,
385 2941 421 2977 ne
439 2925 559 2996 Bithyna
575 2928 684 2998 negotia
700 2929 815 2998 perdas3

14 3009 15 3012 ¹
75 3045 78 3050 ,
115 2987 221 3048 Ἴ,Μὶ119
238 2997 342 3049 talenta
358 2999 548 3067 retundantur,
566 3001 683 3056 totidem
701 3004 795 3070 altera,
813 3005 942 3070 porroet

144 3066 236 3120 Tertia
253 3071 398 3123 succedant
415 3077 444 3124 et
462 3087 532 3140 quae
548 3090 612 3140 pars
630 3077 748 3144 quadrat
764 3093 899 3131 acervum.
967 3091 990 3130 aa

144 3139 252 3193 Scilicet
268 3156 380 3194 uxorem
396 3161 457 3196 curn
475 3145 540 3199 dote
557 3147 695 3218 fidemque
712 3154 743 3206 et
759 3151 860 3204 amicos
