2144 3420
319 209 332 236 ο
372 196 587 245 SATIRARUM
604 197 641 246 11.
661 198 683 246 3.
904 193 949 243 139

1 301 2 314 r
83 273 137 328 5Ni
156 274 196 328 sic
213 274 343 330 fecissent
363 275 545 343 gladiatorum
564 276 631 329 dare
648 279 756 329 centum
923 296 948 336 st

95 349 231 403 Damnati
249 351 349 419 populo
366 352 442 420 paria
460 357 543 420 atque
559 352 670 419 epulum
688 351 801 404 arbitrio
820 351 893 418 Arri,

1 449 2 480 r
95 423 244 478 Frumenti
262 431 392 494 quantum
411 427 492 480 metit
511 428 612 480 Africa.
648 427 710 480 Sive
729 443 780 494 ego
797 443 881 493 prave

94 499 249 554 Seu-recte
267 502 317 555 hoe
336 501 415 569 volui,
433 520 469 556 ne
486 503 523 555 sis
540 506 654 571 patruus
671 503 744 555 mibi.
780 501 869 554 Credo

1 585 2 608 l
95 575 162 628 Hoc
181 575 289 630 Staberi
307 578 471 646 prudentem
489 579 609 631 animum
627 579 733 630 vidisse.
771 577 843 641 Quid
861 593 926 646 ergo

1 645 2 674 ³
92 650 192 704 Sensit
209 667 270 706 cum
288 669 421 706 summam
439 653 585 721 patrimoni
603 653 756 722 insculpere
775 668 840 705 saxo
925 667 949 708 sc

94 725 228 778 Heredes
246 727 350 781 voluiti
387 727 483 790 Quoad
501 729 570 782 vixit
588 727 706 781 credidit
722 727 819 794 ingens

93 800 263 867 Pauperiem
280 803 377 856 vitium
395 807 423 856 et
441 804 511 856 cavit
529 804 596 856 nihil
614 804 708 870 acrius,
726 807 758 856 ut
776 803 800 854 si

1 919 2 948 3
92 875 183 928 Forte
200 877 425 946 minuslocuples
443 895 496 932 uno
514 879 666 948 quadrante
683 878 800 946 perisset

92 947 164 1016 lpse
181 951 323 1006 videretur
340 953 391 1006 sibi
409 955 537 1022 nequior:
556 954 641 1006 omnis
659 955 730 1007 enim
748 970 800 1018 res,

1 1068 2 1077 ,
91 1026 203 1092 Virtus,
221 1027 300 1096 fama,
317 1029 408 1096 decus,
427 1030 519 1082 divina
536 1029 708 1098 humanaque
725 1028 845 1096 pulchris
924 1042 949 1082 ct

91 1102 208 1156 Divitiis
225 1108 336 1171 parent;
355 1122 423 1174 quas
441 1105 488 1173 qui
506 1105 688 1159 construxerit
706 1104 753 1158 ille

1 1219 2 1248 1
91 1178 195 1230 Clarus
216 1179 275 1245 erit,
289 1179 374 1245 fortia,
389 1180 489 1248 justus.
524 1180 690 1248 sapiensne?
726 1179 824 1245 Etiam,
846 1184 875 1236 et
889 1195 946 1246 rex,

90 1253 131 1306 Et
150 1252 287 1321 quidquid
305 1255 384 1310 volet.
421 1256 482 1310 Hoc
499 1257 583 1310 veluti
601 1256 705 1309 virtute
723 1261 848 1322 paratum

1 1339 2 1384 1
88 1329 224 1396 Speravit
240 1345 354 1397 magnae
371 1331 445 1384 laudi
463 1331 528 1384 tore.
564 1331 652 1394 ‘Quid
670 1331 756 1382 simile
774 1331 819 1382 isti

88 1406 219 1458 Graecus
238 1405 415 1474 Aristippus?
433 1407 480 1474 qui
499 1423 590 1460 servos
606 1405 740 1474 projicere
758 1421 854 1457 aurum
914 1419 946 1458 loo

87 1482 105 1534 Ι
109 1498 127 1532 ιι
147 1479 242 1534 media
256 1479 340 1548 jus'sit
358 1481 450 1550 Libya,
468 1483 532 1549 quia
549 1482 655 1535 tardius
672 1482 745 1533 irent

87 1557 215 1623 Propter
232 1571 299 1608 onus
318 1573 421 1624 segnes.
456 1559 527 1612 Uter
545 1561 587 1610 est
604 1557 723 1609 insanior
739 1555 835 1607 horum
845 1553 863 1609 l’

85 1631 140 1685 Nil
160 1631 219 1698 agit
237 1632 401 1700 exemplum,
419 1632 496 1686 litem
514 1633 587 1702 quod
605 1633 653 1686 lite
671 1631 789 1684 resolvit.

85 1708 120 1762 Si
140 1707 205 1775 quia
223 1706 297 1760 emat
315 1705 440 1776 citharas,
459 1713 564 1776 emptas
581 1711 732 1776 comportet
750 1707 778 1758 in
796 1721 887 1774 unum,

85 1784 116 1836 N
118 1799 154 1836 ec
175 1781 265 1835 studio
283 1783 403 1836 citharae
421 1801 471 1837 nec
486 1785 584 1837 'Musae
602 1783 713 1836 deditus
730 1781 778 1834 ulli
788 1801 796 1848 ;
911 1796 945 1837 1⁰⁵

84 1859 120 1914 si
140 1853 249 1925 scalpra
267 1861 297 1912 et
313 1858 413 1912 formas
431 1877 483 1912 non
503 1863 586 1926 sutor,
603 1859 712 1912 nautica
729 1857 789 1911 vela

84 1937 219 1990 Aversus
236 1935 413 1989 mercaturis:
432 1935 535 1988 delirus
553 1938 581 1988 et
599 1950 692 1988 amens
801 1979 804 1984 .

82 2009 227 2077 Undique
245 2009 351 2064 dicatur
369 2010 473 2064 merito.
509 2010 561 2075 Qui
580 2010 716 2078 discrepat
734 2008 795 2061 istis

84 2086 146 2150 Qui
168 2101 292 2138 nummos
307 2081 460 2154 'aurumque
477 2085 608 2152 recondit,
626 2085 732 2138 nescius
749 2083 790 2138 uti

82 2156 266 2228 Compositis,
285 2165 463 2230 metuensque
481 2161 555 2214 velut
573 2161 727 2228 contingere
746 2162 871 2214 sucrum?
910 2173 943 2214 nc

82 2239 119 2292 Si
139 2236 204 2306 quis
222 2237 258 2290 ad
275 2237 414 2304 ingentem
431 2237 561 2290 frumenti
579 2243 687 2305 semper·
703 2253 828 2290 acervum
837 2227 851 2248 ''

83 2314 241 2370 Pori-ectus
258 2313 352 2379 vigilet
370 2330 431 2365 cum
449 2313 528 2380 lengo
545 2312 625 2380 fuste,
643 2329 732 2380 neque
750 2313 824 2366 illinc
934 2331 936 2336 ·

82 2389 208 2444 Audeat
225 2389 346 2441 esuriens
364 2388 489 2441 dominus
507 2389 664 2456 contingere
682 2405 815 2454 granum„

81 2467 134 2519 Ac
153 2463 246 2531 potius
264 2463 333 2515 briis
351 2479 448 2532 pareus
466 2467 590 2516 vescatur
607 2464 720 2528 amaris;

80 2540 118 2594 Si
138 2538 237 2606 positis
254 2538 329 2592 intus
348 2539 407 2590 Chii
425 2539 579 2606 veterisque
598 2538 707 2592 Falerni
908 2551 941 2590 ru

79 2607 172 2670 Mille
190 2613 366 2666 cedis-nihil
385 2617 434 2680 est,
451 2618 604 2667 tercentum
621 2614 838 2666 millibus-acre

80 2691 178 2744 Petet
195 2691 316 2754 acetum;
334 2705 391 2756 age,
410 2690 433 2742 si
452 2692 481 2743 et
499 2689 655 2742 stramentis
672 2689 792 2757 incubet,
809 2687 894 2740 uude-
934 2705 936 2714 ¹

80 2763 240 2836 Octoginta
256 2780 340 2817 annos
358 2769 445 2832 natus,
464 2765 507 2818 cui
525 2764 646 2830 stragula
662 2765 752 2829 vestis,

78 2840 247 2896 Blattarum
265 2855 297 2892 ac
314 2841 447 2894 tinearum
466 2839 569 2908 epulae,
586 2843 725 2908 putrescat
742 2841 771 2892 in
788 2855 863 2894 arca:

78 2913 230 2971 Nimirum
247 2915 357 2968 insanus
374 2916 466 2983 paucis
484 2915 616 2981 videatur,
635 2931 668 2968 eo
686 2915 760 2984 quod
905 2929 939 2970 lae

40 3039 44 3047 .
77 2989 214 3045 niaxima
231 3005 294 3058 pars
312 2990 450 3043 hominum
468 2991 562 3043 morbo
576 2990 698 3057 jactatur
716 2990 820 3044 eodem.

76 3067 178 3123 Filius
195 3070 242 3120 aut
260 3067 343 3120 etiam
360 3066 427 3119 haec
444 3066 560 3119 libertus
577 3070 609 3119 ut
626 3066 719 3120 ebibat
736 3066 823 3134 heroa,

75 3144 138 3200 Dis
158 3141 268 3194 inimice
286 3157 376 3208 senex,
395 3141 533 3196 custodial
569 3141 594 3192 N
597 3157 613 3193 e
630 3141 682 3195 tibi
700 3142 792 3196 desit?

76 3216 259 3286 Quantulum
277 3217 350 3270 enim
368 3231 488 3269 summae
506 3215 626 3270 curtabit
642 3217 757 3286 quisque
776 3217 888 3282 dierum,
