2144 3420
115 140 163 188 206
388 131 541 184 HORA'I'II
557 127 686 185 russei

116 217 161 270 Ne
178 215 267 268 dicam
285 214 370 268 stulte
386 214 486 278 mirati,
504 214 527 267 si
545 215 626 268 modo
646 232 696 283 ego
714 218 743 270 et
759 231 808 270 vos

117 291 222 346 Scimus
240 288 403 344 inurbanum
420 287 512 358 lepido
530 293 661 357 septnere
679 289 753 343 dicto

118 365 338 432 Legitimumque
357 379 451 418 sonum
469 364 563 431 digitis
581 364 708 418 callemus
726 368 755 418 et
772 381 845 420 aure.

118 440 247 508 Ignotum
267 440 387 506 tragicae
404 450 490 507 genus
508 440 642 492 invenisse
661 439 794 494 Camenae
931 455 971 495 275

119 515 229 570 Dicitur
247 517 276 567 et
293 513 423 582 plaustris
441 515 546 568 vexisse
564 517 690 582 poemata
707 513 828 583 Thespis,

120 591 196 654 Quae
213 592 342 643 cancrent
360 593 528 657 agerentque
546 589 671 658 peumcti
688 589 808 643 faecibus
826 605 881 644 ora

120 666 187 720 Post
204 665 276 718 hunc
292 680 425 732 personae
442 665 585 733 pallaeque
602 667 728 732 repertor
745 664 876 720 honestae

121 740 271 809 Aeschylus
289 744 318 793 et
335 739 448 792 modieis
465 739 592 812 instravit
609 739 715 807 pulpita
731 739 816 808 tignis

121 816 158 869 m
175 814 268 868 docuit
285 830 467 882 magnumque
485 814 559 881 loqui
577 813 683 881 nitique
700 813 839 867 cothurno.
933 828 972 865 sco

121 890 256 943 Successit
273 892 353 942 vetus
370 888 411 942 his
429 889 575 954 comoedia,
592 904 646 940 non
664 887 722 941 sine
739 888 825 941 multa

121 964 230 1029 Laude;
254 963 305 1018 sed
322 964 350 1016 iu
368 963 464 1016 vitium
482 962 594 1016 libertas
611 962 714 1016 excidit
731 966 760 1017 et
771 957 831 1015 'vim

121 1039 239 1107 Dignam
256 1040 317 1106 lege
335 1039 410 1105 regi3
430 1039 475 1092 lex
493 1041 536 1092 est
553 1041 664 1105 accepta
681 1037 831 1106 chorusque

108 1115 249 1182 ¹Turpiter
266 1113 382 1166 obticuit
399 1113 507 1166 sublato
520 1113 585 1180 jure
602 1112 739 1166 nocendis

122 1189 169 1242 Nil
186 1189 354 1242 intentatum
371 1188 458 1240 nostri
476 1187 580 1254 liquere
597 1189 703 1253 poetae,
934 1200 973 1240 aas

122 1263 149 1316 N
151 1279 181 1316 ec
199 1263 340 1316 minimum
357 1278 482 1314 meruere
501 1261 584 1314 decus
600 1261 717 1329 uestigia
734 1260 846 1316 Graeca'

124 1337 193 1392 Ausi
212 1337 338 1390 deserere
356 1339 386 1389 et
402 1336 542 1389 celebrare
561 1335 709 1390 domestica
725 1336 804 1401 facta,

122 1413 176 1466 Vel
194 1413 241 1481 qui
258 1414 415 1481 praetextas
432 1411 476 1464 vel
494 1412 541 1479 qui
559 1411 675 1464 docuere
693 1415 806 1478 togatas

123 1488 150 1541 N
152 1504 183 1542 cc
200 1488 304 1542 virtute
321 1488 394 1541 foret
411 1487 523 1540 clarisve
540 1485 677 1554 potentius
695 1485 777 1540 aruris

124 1563 212 1626 Quam
229 1562 322 1630 lingua
341 1563 456 1629 Latium,
475 1561 498 1615 si
515 1577 568 1614 non
586 1552 737 1614 offenderet
755 1577 838 1613 unum
934 1575 972 1614 cco

125 1639 267 1706 Quemque
284 1640 427 1705 poetarum
444 1635 525 1690 limae
542 1635 619 1689 labor
636 1639 665 1688 et
683 1651 765 1706 mora.
801 1635 866 1702 Vos,
883 1651 900 1687 o

125 1711 273 1780 Pompilius
291 1711 408 1780 sanguis,
425 1727 533 1765 cannen
551 1705 745 1778 reprehendite
763 1710 837 1778 quod
854 1724 906 1762 uon

125 1787 216 1840 Multa
232 1786 292 1840 dies
310 1791 340 1840 et
356 1787 443 1840 multa
459 1787 542 1840 litura
559 1785 678 1840 coercuit
695 1787 778 1852 atque

125 1861 280 1915 Perioctum
298 1862 388 1916 decies
405 1879 459 1915 non
475 1861 618 1928 castigavit
635 1859 670 1912 ad
689 1875 812 1928 unguem

126 1937 270 2004 ingenium
287 1937 387 1991 misera
404 1937 468 2006 quia
483 1936 648 1990 fortunatius
665 1938 749 1989 arte.
810 1996 812 2006 y
935 1949 971 1989 ns

126 2011 223 2064 Credit
240 2015 270 2065 et
284 2011 405 2065 excludit
422 2029 500 2065 sanos
519 2011 652 2065 Helicone
669 2012 764 2076 pocus

126 2087 305 2154 Democritus,
322 2086 394 2138 bona
410 2103 473 2153 pars
490 2103 544 2138 non
561 2100 667 2154 ungues
683 2101 783 2153 ponere
800 2088 885 2152 curat,

125 2162 152 2215 N
154 2177 188 2214 on
206 2160 327 2225 barbam,
345 2163 451 2213 secreta
467 2161 539 2227 petit
556 2160 622 2227 loca,
640 2159 739 2213 balnea
755 2160 831 2212 vitat
859 2169 861 2176 “

125 2237 152 2290 N
154 2237 304 2290 anciacetur
321 2236 393 2294 onim
410 2235 529 2303 pretium
546 2251 698 2302 nomenque
715 2239 820 2303 poetae,

126 2312 156 2366 Si
172 2311 261 2365 tribus
280 2310 421 2395 Antigpis
437 2314 519 2378 caput
535 2309 684 2362 insanabile
702 2325 837 2377 nunquam
935 2323 970 2360 sao

126 2387 238 2440 Tonsori
256 2386 349 2440 Licino
367 2385 540 2438 commiserit.
575 2383 599 2438 Ο
618 2400 669 2452 ego
686 2384 786 2449 laevus,

127 2462 180 2525 Qui
197 2475 298 2529 purgor
314 2461 398 2514 bilem
416 2459 466 2513 sub
484 2459 560 2512 verni
579 2459 711 2527 temporis
727 2458 838 2513 horam!

127 2536 188 2588 Non
206 2537 275 2589 alius
291 2535 395 2589 faceret
413 2535 526 2588 meliora
542 2537 676 2602 poemata
712 2533 819 2586 Verum

127 2611 173 2663 Nil
191 2611 261 2663 tanti
279 2614 328 2664 cst.
364 2611 438 2678 Ergo
454 2611 552 2677 fungar
570 2609 629 2661 vice
646 2609 722 2675 cotis,
741 2613 863 2668 acutum,

127 2684 257 2738 Reddere
274 2701 344 2753 quae
361 2685 465 2739 fenum
482 2685 555 2738 valet
572 2700 666 2736 exsors
683 2683 743 2750 ipsa
761 2682 887 2748 sccaudi3
935 2697 969 2738 au

127 2761 227 2812 Munus
243 2763 271 2813 et
286 2759 402 2813 officium
417 2761 456 2812 nil
472 2760 592 2812 scribens
606 2759 665 2826 ipse
680 2757 790 2824 docebo,

127 2833 209 2886 Unde
222 2837 354 2900 parentur
369 2851 441 2902 opes,
458 2835 525 2902 quid
541 2834 597 2886 alat
611 2834 765 2901 formetque
782 2835 909 2901 poitam3

128 2906 200 2967 Quid
215 2905 318 2975 deceat,
332 2909 400 2975 quid
415 2923 483 2971 non;
506 2924 560 2975 quo
578 2907 679 2970 virtus
688 2923 742 2974 quo
757 2908 829 2960 ferat
845 2923 927 2962 error.

128 2979 270 3030 Scribendi
284 2985 360 3032 recte
376 2997 471 3048 sapere
487 2984 575 3035 estet
592 2981 756 3048 principirun
773 2985 802 3034 et
818 2981 892 3037 lons:

130 3047 198 3098 Item
214 3050 265 3100 tibi
283 3051 434 3104 Socraticae
452 3056 583 3120 poterunt
598 3054 744 3108 ostendere
760 3056 880 3122 chartae,
936 3071 969 3112 uo

130 3118 276 3186 Verbaque
292 3126 426 3188 provisam
444 3142 503 3178 rem
520 3143 574 3184 non
591 3128 676 3181 iuvita
694 3134 852 3197 sequentur.
959 3131 968 3144 ‘
