2116 3424
397 147 552 198 HORATII
569 143 699 198 FLAGOI

473 411 624 466 XXXVII.

149 551 153 558 -
263 525 344 581 Nuus
361 528 404 580 est
420 523 577 593 bibendum,
594 539 666 579 nuno
682 526 753 594 pede
770 526 854 584 libem

263 601 400 656 Pulsanda
416 601 505 668 tellus,
523 615 595 654 nuno
613 599 761 656 Saliaribus

296 676 402 730 Ornare
418 676 544 744 pulvinar
561 675 675 728 deorum

330 751 448 818 Tempus
466 754 526 804 erat
544 748 667 818 dapibus,
686 749 798 804 sodales.
849 765 851 769 ’

262 827 387 882 Antehac
404 826 481 879 nefas
498 825 659 893 depromere
678 825 832 879 Caecubum
967 843 984 884 ι

263 902 344 959 (tellis
361 901 449 968 avitis,
467 899 533 954 dum
551 899 684 968 Capitolio

296 977 403 1044 Regina
419 975 560 1029 dementes
577 975 670 1029 ruinas

330 1051 423 1105 Funus
440 1054 469 1105 et
486 1051 599 1120 imperio
615 1049 731 1118 parabat

261 1127 448 1182 Contaminato
465 1143 526 1180 oum
543 1142 626 1194 grege
642 1127 779 1194 turpium,

261 1203 358 1259 Morbo
376 1203 502 1267 virorum,
521 1201 655 1270 quidlibet
672 1201 807 1271 impotens
833 1247 839 1254 .

293 1279 411 1348 Sperare
427 1277 590 1345 fortunaque
607 1276 680 1330 dulei
706 1305 708 1310 ·
802 1325 806 1329 .

328 1353 418 1407 Ebria.
453 1353 509 1406 Sed
525 1351 623 1406 minuit
639 1353 758 1405 tuorem

189 1471 190 1474 η
261 1429 315 1483 Vix
332 1445 386 1487 una
403 1444 495 1496 sospes
511 1427 588 1480 navis
605 1426 641 1480 ab
657 1427 772 1494 ignibus,

259 1505 436 1574 Montemque
452 1502 617 1571 lymphatam
634 1501 784 1557 Mareotiee

294 1581 411 1648 Redegit
427 1578 456 1632 iu
474 1593 552 1630 veros
569 1577 681 1631 timores
806 1597 809 1605 ¹

262 1647 266 1656 ⁸
327 1656 434 1722 ansar,
452 1651 487 1706 ab
506 1651 588 1706 Italia
605 1653 741 1708 volantem
832 1659 836 1664 '

259 1731 352 1786 Remis
369 1729 512 1796 adurgens,
529 1727 659 1795 accipiter
674 1728 750 1782 velut

259 1806 356 1860 Molles
373 1803 511 1858 columbas
528 1806 576 1856 aut
593 1802 713 1871 leporem
730 1805 800 1858 citus
834 1824 837 1832 ’
931 1869 935 1876 ,

292 1881 414 1934 Venator
431 1879 460 1931 in
478 1877 580 1946 eampis
596 1878 692 1932 nivalis
872 1875 877 1888 ’

325 1953 500 2021 Haemoniae,
518 1953 599 2010 daret
614 1957 647 2008 ut
663 1955 767 2009 eatenis
831 1992 834 1998 ·

259 2031 354 2086 Fatale
371 2033 539 2084 monstrum:
557 2045 627 2098 quae
643 2030 798 2098 generosius

258 2106 353 2161 Perire
370 2121 504 2175 quaerens
521 2121 572 2158 neo
589 2105 759 2160 muliebriter

290 2180 408 2251 Expavit
424 2197 517 2235 ensem
534 2196 584 2233 neo
601 2179 718 2234 latentes

325 2257 418 2312 Classe
435 2257 489 2310 oita
506 2255 642 2324 reparavit
659 2271 727 2309 oras,

257 2335 335 2388 Ausa
351 2336 381 2387 et
394 2333 530 2401 jacentem
548 2331 635 2384 visere
652 2333 754 2399 regiam

256 2409 344 2464 Vultu
361 2423 463 2474 sereno,
481 2405 560 2460 fortis
577 2409 606 2460 et
623 2423 734 2474 asperas

289 2484 418 2539 Tractare
436 2485 582 2550 serpentes,
599 2485 632 2534 ut
648 2485 739 2535 atrum

323 2559 444 2626 Corpore
454 2555 627 2610 'combiberet
644 2573 785 2626 venenum,

254 2635 413 2692 Deliberata
429 2635 517 2685 morte
533 2631 654 2700 ferogior,

254 2711 348 2768 Saeuis
366 2707 494 2763 Liburnis
511 2707 612 2762 seilicet
628 2705 753 2760 invidens

289 2786 400 2842 Privata
418 2782 515 2838 deduci
532 2781 650 2850 superbo

322 2861 349 2916 N
350 2876 385 2916 on
402 2857 511 2914 humilis
527 2858 625 2913 mulier
640 2855 786 2926 triumpho.
