2116 3424
332 132 535 181 CARMINUM
552 132 589 182 Π.
610 133 647 181 14.
884 130 915 182 35
938 127 952 146 ¹

168 210 207 264 Et
225 211 359 280 quidquid
376 228 491 280 usquam
509 211 658 280 concipitur
677 214 752 264 nefas

167 285 315 354 Tractevit
333 302 398 354 agro
416 287 464 355 qui
482 287 580 340 statuit
597 302 658 339 mco
893 299 915 341 lt

203 361 250 428 Te,
266 361 347 415 triste
364 362 474 430 lignum,
492 366 522 415 te
539 361 671 415 caducum

239 436 273 490 In
291 437 394 490 domini
412 440 493 505 caput
510 436 687 490 immerentis,
868 499 873 510 .

171 510 244 575 Quid
261 513 376 582 quisque
393 513 463 566 vitet
480 527 619 580 nunquam
636 509 738 563 homiui
756 509 823 564 satis

145 623 148 628 -
170 587 288 642 Cautum
304 592 347 642 est
364 588 393 641 in
410 588 506 641 horas:
523 588 616 641 navita
634 587 786 654 Bosporum

204 661 312 716 Poenus
330 663 512 731 perhorrescit
529 679 618 730 neque
635 663 710 716 ultra
808 663 811 668 '
892 684 912 722 ιε

240 737 325 792 caeca
341 738 422 792 timet
439 737 549 792 aliunde
566 737 631 805 fata,

15 839 16 862 ι
72 866 80 880 ,
169 809 253 865 Miles
270 815 383 881 sagittas
401 817 430 867 et
447 814 563 867 celerem
580 813 674 880 fugam

169 886 275 952 Parthi,
294 892 403 944 catenas
423 889 541 942 Parthus
558 891 588 942 et
606 888 709 942 Italum

204 962 316 1028 Robur3
334 964 384 1018 sed
401 965 548 1032 improvisa
563 963 614 1018 leti
730 971 765 1043 χ
784 989 837 1054 q..
862 991 883 1014 ,ι
903 987 909 996 .

239 1038 289 1092 Vis
306 1039 398 1107 rapuit
415 1040 559 1108 rapietque
576 1041 682 1106 gentes.
730 1052 749 1105 f
865 1072 876 1088 ·.
892 1054 915 1090 so

168 1111 258 1177 Quam
273 1129 361 1182 paene
378 1115 472 1168 furvae
486 1131 575 1182 ‚regna
594 1111 773 1180 Proserpinae

168 1186 206 1244 lit
218 1187 391 1256 judicantem
408 1189 526 1243 vidimus
545 1191 667 1242 Aeacum

204 1263 345 1333 Sedesque
364 1265 497 1319 discretas
514 1264 622 1332 piorum
640 1265 670 1316 et

241 1341 343 1394 Aeoliis
360 1341 461 1394 fidibus
479 1343 642 1416 querentem

15 1457 17 1474 ,
167 1411 279 1481 Sappho
297 1415 395 1482 puellis
414 1416 450 1469 de
467 1415 652 1483 popularibus,
749 1461 753 1470 .

15 1495 16 1500 ’
118 1513 122 1518 ·
168 1487 208 1542 Et
224 1492 254 1542 te
271 1494 413 1544 sonantem
431 1490 537 1559 plenius
555 1505 645 1556 aureo,

205 1565 316 1632 Aloeee,
334 1565 439 1634 plectro
458 1565 527 1618 dura
544 1565 627 1628 navis,

239 1639 317 1694 Dura
334 1641 414 1708 fugae
426 1640 510 1708 mala,
529 1641 599 1696 dura
616 1638 699 1696 belli!

167 1712 325 1783 Utrumque
342 1721 417 1768 sacro
436 1716 519 1783 digna
537 1716 647 1770 silentio

166 1789 306 1844 Mirantur
322 1791 436 1862 umbrae
455 1791 564 1855 dicere3
583 1791 632 1844 sed
650 1790 734 1858 magn's
893 1791 916 1832 ³⁰

204 1865 313 1933 Pugnae
331 1869 361 1919 et
378 1869 488 1935 exactos
506 1869 636 1932 tyrannos

202 1963 205 1970 ⁴
238 1941 360 1994 Densum
378 1940 498 1994 humeris
516 1941 587 1994 bibit
604 1955 670 1994 aure
687 1941 791 2008 vulgus.

169 2013 244 2079 Quid
261 2017 367 2086 mirum3
384 2016 433 2069 ubi
449 2017 503 2069 illis
521 2016 684 2092 camninibus
701 2020 814 2085 stupens

168 2089 300 2146 Demittit
317 2096 391 2146 atras
409 2087 501 2146 bellua
518 2092 656 2160 centiceps
764 2117 771 2132 ·

203 2166 295 2219 Aures
312 2171 342 2220 ct
359 2168 453 2221 intorti
471 2168 574 2235 capillis
894 2177 915 2216 :5
1009 2184 1013 2192 ·

239 2243 420 2296 Eumenidum
438 2246 594 2296 recreantur
611 2243 732 2309 angues?

167 2315 243 2380 Quin
260 2321 289 2370 et
307 2317 487 2371 Prometheus
505 2321 535 2372 et
554 2317 661 2386 Pelopis
678 2331 778 2385 parens
811 2317 817 2322 '
870 2383 872 2389 y

161 2390 244 2447 Dulci
261 2392 384 2446 laborum
402 2393 539 2461 decipitur
557 2409 640 2458 sono;

203 2467 231 2520 N
232 2483 264 2521 ec
281 2471 359 2521 curat
377 2467 461 2522 Orion
479 2468 572 2521 leones

238 2543 298 2597 Aut
314 2543 426 2598 timidos
444 2543 548 2613 agitare
564 2543 661 2611 lyncas

103 2597 205 2730 ml
422 2684 532 2738 ·XIV.
718 2735 733 2744 ,,
788 2716 868 2740 ,,,
938 2691 949 2739 'r

15 2783 16 2810 ³
167 2764 254 2820 lanne
270 2764 387 2833 fugaces,
407 2767 543 2832 Postmnc‚
563 2733 710 2832 Postumol*
748 2744 757 2752 ‘¹
893 2813 952 2844 ς’,

167 2839 314 2894 Labuntur
331 2841 401 2907 anni,
419 2857 469 2893 nec
486 2841 573 2908 pietas
590 2855 694 2892 moram
837 2838 841 2845 '

205 2915 291 2982 Rugis
309 2919 338 2968 et
355 2915 468 2968 instanti
487 2919 611 2968 senectae

239 2991 347 3044 Afferet
363 2989 566 3055 indomitaeque
584 2987 708 3052 morti,-

166 3063 241 3130 Non,
259 3065 282 3117 si
299 3065 426 3128 trecenis,
445 3063 578 3128 quotquot
597 3063 664 3111 eunt
681 3060 761 3123 citoq—
787 3104 790 3108 .
896 3059 904 3077 ¹

166 3139 275 3208 Amice,
293 3139 383 3208 places
401 3132 611 3189 illacrimabilem
