2144 3420
129 135 174 184 let
389 131 542 183 HORATII
559 133 689 183 susem

123 213 234 267 Nodosa
253 206 440 283 eorpusr'nelis
458 199 604 284 prohibere
624 215 763 283 cheragra

123 287 174 341 llst
193 288 311 355 quadam
330 290 439 357 prodire
457 293 538 344 tenus
557 288 580 343 si
598 307 652 344 non
673 290 756 344 datur
774 289 853 345 ultra

124 363 225 417 Fervet
242 364 356 418 eraritia
372 365 526 433 miseroque
544 365 670 432 cupidine
688 367 790 434 pectus,

124 437 194 492 Sunt
210 439 295 492 uerba
311 442 341 492 et
357 455 436 492 voees
454 439 553 507 quibus
570 439 640 493 hune
657 439 744 493 lenire
762 439 881 520 dolorem

124 511 215 566 Possis
232 518 262 568 et
279 513 403 581 magnam
421 510 509 567 morbi
527 513 664 581 deponere
681 516 796 583 partem.
948 527 981 570 se

124 587 226 641 laudis
242 604 334 642 amere
351 591 449 654 tumes,
467 590 532 642 sunt
549 587 625 642 certa
641 587 747 658 piamrla
763 589 881 656 quae-‘te

124 661 177 715 Ter
193 679 261 731 pure
278 663 350 717 lecte
367 666 497 732 poterunt
514 677 638 717 recreare
655 661 754 717 libello.

124 736 243 803 Invidus,
260 737 412 806 iraeundus,
429 727 509 803 iners,
528 737 643 805 vinosus,
661 741 773 805 amator,

123 811 211 865 Nemo
228 811 297 866 adeo
314 813 389 866 ferus
407 815 450 866 est
466 816 569 865 utnon
587 811 730 866 mitescere
747 812 841 881 possit,

124 885 153 939 Si
170 886 251 940 modo
268 887 391 942 culturae
408 886 559 955 patientem
576 887 730 941 commodet
747 903 846 940 aurens
947 903 977 945 se

124 960 220 1016 Virtus
237 965 280 1016 est
297 962 392 1016 vitium
409 962 504 1028 fugere
520 964 550 1014 et
567 961 700 1030 sapientia
717 963 806 1032 prima

123 1035 248 1091 Stultitia
265 1037 389 1092 earuisse.
426 1035 512 1089 Vides
530 1053 600 1104 quae
617 1037 735 1090 maxima
752 1035 842 1090 eredis

122 1110 191 1165 Ilsse
208 1112 286 1179 male,
305 1112 431 1179 exiguum
449 1127 560 1164 consum
578 1113 742 1180 turpemque
758 1111 902 1180 repulsam,

123 1186 230 1250 Quanto
248 1186 353 1239 devites
370 1185 452 1240 enimi
462 1185 620 1254 -capitisque
638 1186 736 1240 labore.

122 1260 244 1330 Impiger
254 1259 398 1314 ‘extremos
415 1261 503 1316 curris
520 1264 655 1315 mereator
672 1261 709 1314 ad
727 1261 816 1327 Indos,
944 1277 972 1318 ss

122 1335 267 1390 Permane
284 1335 442 1404 pauperiem
459 1335 574 1403 fugiens,
591 1352 642 1404 per
659 1353 731 1403 saxa,
749 1353 800 1405 per
816 1339 907 1405 ignes:

121 1410 147 1464 N
150 1428 166 1465 e
183 1429 260 1465 eures
278 1427 398 1480 eaquae
417 1410 500 1464 stulte
517 1411 626 1464 miraris
644 1415 673 1465 et
690 1415 769 1479 optas
789 1457 793 1464 .

121 1485 240 1552 Discere,
257 1490 287 1540 et
304 1486 406 1553 audire,
425 1489 454 1540 et
471 1485 575 1562 meliori
593 1485 705 1540 eredere
722 1501 776 1540 non
793 1486 853 1542 visl

121 1560 188 1624 Quis
205 1561 304 1614 circum
322 1578 405 1630 peges
423 1565 453 1614 et
469 1561 571 1615 eiroum
587 1561 705 1630 eompita
721 1577 832 1630 pugnax

120 1635 221 1704 Magna
238 1638 359 1690 coronari
377 1639 531 1690 contemnat
549 1635 681 1705 Olympia,
698 1637 741 1690 eui
760 1653 831 1706 spes,
896 1667 916 1702 ι,
943 1653 971 1694 ει
1062 1653 1063 1682 ι

120 1711 171 1764 Cui
188 1711 226 1765 sit
242 1711 362 1765 conditio
380 1711 467 1764 duleis
484 1711 542 1764 sine
559 1711 671 1779 pulvere
688 1712 810 1780 palmael
897 1713 905 1742 '¹

120 1785 209 1839 Vilius
227 1790 370 1854 argentum
388 1789 431 1839 est
448 1801 521 1852 auro,
538 1785 686 1839 virtutibus
703 1803 807 1841 aurum.

119 1859 161 1912 “O
180 1861 260 1928 cives,
278 1861 358 1929 eires,
376 1861 532 1929 quaerenda
549 1861 663 1928 pecunia
679 1862 796 1931 primum
815 1866 873 1928 est;

118 1934 216 1990 Virtus
232 1939 295 2005 post
311 1935 456 1990 nummos.”
493 1935 571 1989 Haee
588 1935 680 2006 danus
693 1953 815 1991 summus
832 1937 869 1991 ab
886 1937 942 1990 imo

119 2009 260 2078 Perdoeet,
279 2011 346 2065 haee
363 2011 489 2064 recinunt
502 2009 618 2078 juvenes
635 2011 739 2065 dietata
756 2027 897 2081 senesque,
941 2029 967 2068 ⁵5

85 2145 95 2164 ι
118 2085 208 2140 Laevo
225 2086 350 2155 suspensi
367 2086 467 2140 loculos
484 2084 660 2153 tabulamque
676 2085 784 2140 laeerto.

118 2159 168 2214 Ilst
185 2161 290 2214 animus
307 2160 367 2226 tibi,
386 2163 450 2214 sunt
467 2175 557 2214 mores
574 2163 603 2215 et
620 2160 712 2232 lingua
729 2161 866 2230 fidesque;

117 2235 172 2288 Sed
190 2235 397 2303 quadringentis
415 2251 463 2288 sex
481 2238 586 2302 septem
603 2235 679 2289 milia
695 2235 803 2304 desunt,
860 2265 865 2273 ·

117 2309 199 2364 Plebs
216 2311 277 2364 eris.
313 2313 353 2364 At
370 2311 447 2378 pueri
466 2309 600 2378 ludentes,
618 2310 701 2364 “Rex
718 2310 792 2375 eris,”
810 2312 893 2380 aiunt,

116 2380 165 2440 “Si
182 2389 258 2440 reete
275 2385 379 2439 facies?
417 2385 471 2438 Hie
488 2401 582 2440 murras
600 2390 700 2440 aeneus
718 2390 785 2454 esto,
939 2404 963 2442 o

116 2459 163 2514 n'il
180 2461 301 2515 eonseire
319 2460 378 2527 sibi,
396 2460 471 2513 nulla
487 2461 636 2528 pallesee1·e
654 2461 740 2530 eulpa

116 2535 221 2603 Roscio,
238 2535 283 2588 die
300 2535 387 2601 sodes,
405 2534 502 2588 melior
519 2535 564 2588 lex
581 2551 616 2588 an
633 2551 780 2603 puerorum
797 2541 841 2598 est

116 2607 211 2677 lienis,
229 2626 300 2678 quae
316 2625 430 2677 regnum
447 2611 523 2663 reete
540 2609 704 2663 iacientibus
721 2611 808 2678 offert,

116 2684 153 2738 llt
169 2685 289 2738 maribus
307 2685 397 2738 Curiis
414 2687 444 2738 et
461 2684 606 2738 decantata
624 2684 762 2754 Camillis?

116 2757 180 2812 Isne
196 2758 249 2813 tibi
266 2758 363 2812 melius
381 2758 480 2813 suadet
497 2759 545 2828 qui
562 2775 621 2813 rem
637 2759 727 2826 facias,
745 2777 811 2828 rem,
935 2779 958 2819 oe

115 2831 144 2884 Si
161 2833 248 2901 possis
264 2836 346 2899 reete,
365 2833 388 2885 si
405 2849 459 2886 non
477 2850 638 2902 quoeunque
655 2835 736 2888 mode
753 2851 819 2902 rem,
850 2873 854 2879 -

118 2904 156 2958 Ut
171 2907 282 2974 propius
300 2910 407 2974 speetes
424 2907 566 2961 lacrimosa
582 2912 710 2976 perimate
727 2909 806 2978 Pupi,
847 2939 850 2946 ·

50 2993 53 2998 ·
116 2979 161 3028 An
178 2979 225 3044 qui
243 2979 381 3033 Fortunae
398 2983 427 3034 te
444 2997 604 3050 responsare
622 2983 756 3050 superbae

117 3047 244 3101 Liberum
262 3056 291 3104 et
308 3057 430 3106 ereetum
447 3071 575 3122 praesens
593 3055 720 3110 hortatur
736 3061 766 3111 et
783 3061 878 3126 aptot?

116 3119 218 3183 Quodsi
236 3137 280 3175 me
297 3125 413 3192 populus
431 3127 569 3180 Romanus
585 3129 656 3183 lorte
673 3135 760 3199 roget,
778 3148 827 3186 our
933 3152 955 3194 se
1055 3161 1056 3164 ¹
