2126 3410
328 131 331 139 '
373 137 577 190 erpuinum
593 139 643 193 IV.
661 143 684 195 4.
917 145 950 202 ra

239 219 360 277 Dextras
378 221 502 276 obarmet
520 238 652 290 quaerere
670 222 772 290 distuli,

240 296 299 352 Nec
316 294 386 368 scire
403 295 445 351 fas
463 301 506 351 est
524 297 713 364 omnim-sed
731 298 779 352 diu

274 372 397 442 lateque
414 373 539 426 victrices
557 376 683 426 catervae

311 449 437 502 Consiliis
450 448 561 516 juvenis
578 448 698 502 revictae
781 471 784 478 ·

112 539 128 557 ⁴⁴
240 522 355 576 Sensere
373 523 440 592 quid
458 539 535 575 mens
553 523 614 589 rite,
633 523 701 590 quid
718 523 824 577 indoles
844 585 850 597 .

241 597 354 652 Nutrita
370 597 467 652 faustis
483 597 536 650 sub
553 598 738 666 penetralibus

237 703 242 708 -
274 672 379 741 Posset,
397 672 465 741 quid
484 673 603 738 Augusti
620 676 752 740 paternus

309 747 343 800 In
360 763 461 816 pueros
479 747 582 800 animus
601 747 730 802 Nerones.

235 821 341 876 ⁴Fortes
358 825 486 875 creantur
503 822 620 875 fortibus
638 825 668 892 et
684 823 778 888 bonis;

114 935 131 942 --
240 895 291 952 Est
307 897 336 949 in
348 896 482 965 juvencis,
501 897 589 950 estin
607 898 685 965 equis
702 902 811 966 patrum
911 917 920 934 ·

234 1003 237 1008 ·
273 971 378 1040 Virtus,
395 988 486 1040 neque
502 971 640 1025 imbellem
657 972 763 1025 feroces

253 1087 256 1092 ,
308 1047 496 1115 Progenerant
513 1046 619 1115 aquilae
637 1047 806 1112 columbam

239 1117 371 1175 Doctrina
388 1121 439 1176 sed
455 1122 510 1175 vim
528 1127 669 1190 promovet
686 1123 803 1190 insitam,

240 1193 374 1264 Rectique
390 1197 480 1250 cultus
497 1200 608 1264 pectora
625 1198 768 1264 roborant3

272 1270 421 1340 Utcunque
439 1270 563 1325 defecere
580 1288 670 1326 mores

307 1346 472 1400 indecorant
488 1345 559 1399 bene
575 1351 640 1400 nata
656 1349 759 1417 culpae.

239 1418 313 1482 Quid
330 1421 439 1488 debesa,
458 1437 474 1473 o
492 1420 586 1487 Roma,
605 1421 760 1474 Neronibus

238 1493 327 1550 Testis
345 1496 502 1549 Metaurum
519 1495 620 1547 flumen
639 1500 668 1550 et
687 1495 849 1551 Hasdrubal

230 1603 235 1608 -
271 1569 403 1624 Devictus
421 1575 450 1624 et
467 1571 580 1638 pulcher
597 1571 699 1638 fugatis

249 1664 252 1672 ·
307 1645 359 1698 Ille
377 1645 436 1698 dies
455 1645 533 1698 Latio
550 1645 673 1698 tenebris

237 1717 291 1782 Qui
308 1717 411 1786 primus
428 1718 499 1771 alma
516 1719 576 1773 risit
593 1720 701 1788 adorea,

237 1792 322 1846 Dirus
338 1809 389 1860 per
406 1793 489 1846 urbes
508 1794 577 1847 Afer
593 1799 626 1848 ut
644 1797 729 1850 Italas

271 1868 329 1922 Oen
347 1869 456 1922 flamma
472 1886 522 1937 per
538 1871 636 1924 taedas
653 1873 697 1925 vel
715 1873 804 1926 Durus

304 1943 359 1996 Per
377 1943 479 1998 Siculas
497 1945 631 2013 equitavit
648 1947 743 2000 undas.

237 2014 303 2072 Post
320 2018 371 2071 hoc
388 2019 514 2075 secundis
531 2037 618 2088 usque
636 2021 774 2074 laboribus

236 2091 358 2146 Romana
375 2093 462 2162 pubes
479 2095 564 2148 crevit
582 2099 611 2148 et
628 2096 711 2163 impio

186 2231 196 2243 Ι
269 2167 385 2221 Vastata
404 2169 556 2222 Poenorum
573 2171 694 2224 tumultu

303 2243 380 2296 Nana
398 2243 464 2297 deos
481 2245 602 2300 habuere
619 2251 723 2311 rectos;

235 2314 368 2386 Dixitque
385 2319 496 2372 tandem
514 2321 635 2386 perfidus
654 2320 805 2377 Hannibal:

214 2399 218 2408 ’
235 2391 316 2446 Cervi
333 2392 457 2460 luporum
474 2395 577 2462 praeda
593 2398 731 2464 rapacium

236 2517 239 2522 .
269 2467 410 2520 Sectamur
427 2469 499 2523 ultro
517 2478 585 2537 quos
602 2471 708 2539 opimus

294 2541 410 2596 *Fallere
428 2548 457 2596 et
475 2544 595 2611 effligere
612 2550 655 2600 est
672 2543 831 2614 triumphus.

234 2613 308 2669 Gens
325 2634 396 2686 quae
413 2623 533 2674 cremato
550 2620 629 2674 fortis
646 2620 681 2674 ab
699 2621 751 2674 Ilio

234 2689 347 2744 lactata
364 2692 457 2747 Tuscis
474 2687 637 2762 aequoribus
655 2711 732 2752 sacra

266 2765 408 2834 Notosque
425 2772 600 2838 maturosque
617 2773 710 2838 patres

303 2841 422 2896 Pertulit
441 2844 575 2898 Ausonias
592 2845 628 2898 ad
645 2845 735 2912 urbes,

234 2909 317 2969 Duris
334 2921 366 2970 ut
383 2917 444 2970 ilex·
455 2921 534 2971 tonsa
551 2917 713 2986 bipennibus

233 2985 336 3056 Nigrae
353 2990 435 3044 feraci
453 2993 557 3045 frondis
574 2994 602 3044 in
622 2991 730 3057 Algido,

268 3063 322 3118 Per
339 3065 511 3133 damna,pe1·
528 3065 631 3129 caedes,
650 3065 685 3116 ab
702 3065 762 3130 ipso

303 3136 386 3190 Ducit
403 3154 468 3206 opes
485 3138 657 3205 animumque
673 3137 752 3191 ferre.
917 3158 932 3194 r
