2144 3420
15 1 17 14 l

15 15 16 24 a

15 29 17 114 1¹

15 117 16 124 s

387 111 456 162 ΑΗΒ
472 111 632 160 POETIOA.

15 221 18 261 2,
76 192 127 248 Ut
142 191 224 248 festis
239 193 364 253 matrona
380 190 483 245 moveri
495 190 574 258 jussa
591 190 695 259 diebus,

80 263 222 321 Intererit
239 261 341 333 Satyris
357 265 468 334 paulum
485 264 645 332 pudibunda
661 269 802 333 protervis.

15 353 16 356 ’
80 341 112 395 N
113 359 151 394 on
169 356 221 408 ego
238 339 363 392 inornata
379 342 409 392 et
426 338 594 392 dominantia
609 340 718 394 nomina
735 342 821 397 solum

80 414 244 482 Verbaque,
264 413 382 480 Pisones,
401 413 559 480 Satyrorum
576 413 693 482 scriptor
709 415 821 482 amabo;
896 439 932 479 235

81 489 148 542 Nee
165 489 205 542 sie
221 487 310 541 enitar
326 487 432 554 tragico
450 487 560 541 differre
577 487 660 540 eolori

80 563 128 616 Ut
145 561 215 614 nihil
233 561 341 615 intersit
359 561 486 616 Davusne
503 561 631 630 loquatur
648 566 677 617 et
695 564 785 620 audax

83 635 203 704 Pythias
219 639 344 690 emuncto
361 635 467 690 lucrata
484 635 592 690 Simone
608 636 750 704 talentum,

84 711 135 764 An
153 713 245 764 eustos
261 709 432 779 famulusque
450 711 495 764 dei
514 710 620 764 Silenus
638 712 767 768 alumni..

84 785 132 838 Ex
150 787 217 838 noto
234 783 328 838 fiotum
345 801 454 848 emman
471 801 576 854 sequar,
589 789 621 838 ut
639 786 691 840 sibi
708 789 798 856 quivis
900 803 935 842 ero

85 859 191 927 Speret
207 859 287 927 idem,
307 859 390 914 sudet
406 861 522 914 multum
539 860 695 934 frustraque
712 861 817 917 laboret

87 933 186 986 Ausus
202 933 288 988 idem:
312 937 421 988 tantum
438 934 522 988 series
535 934 717 1004 juneturaque
734 937 825 1004 pollet,

87 1007 209 1060 Tantum
226 1008 262 1060 de
279 1007 377 1074 medio,
388 1009 503 1077 sumptis
521 1009 624 1062 assedit
640 1009 755 1064 honoris.

88 1081 173 1134 Silvis
191 1078 301 1151 deducti
318 1086 431 1136 caveant
448 1099 491 1136 me
504 1081 599 1150 judice
617 1082 710 1149 Fauni,

88 1153 136 1208 Ne
155 1155 231 1208 velut
247 1151 342 1209 innati'
351 1157 439 1210 triviis
457 1173 488 1210 ae
505 1173 591 1226 paene
608 1156 730 1212 forenses

89 1231 153 1283 Aut
170 1229 282 1284 nimium
299 1231 402 1290 teneris
416 1232 583 1299 juvenantur
599 1233 723 1295 versibus
739 1251 864 1303 unquam,

90 1306 154 1357 Aut
170 1304 309 1358 immunda
325 1310 438 1374 crepent
455 1306 685 1376 ignominiosaque
702 1308 793 1373 dieta3

90 1378 277 1432 Offenduntur
293 1379 366 1434 enim
383 1379 482 1449 quibus
500 1384 543 1434 est
559 1397 646 1450 equus
663 1385 693 1435 et
709 1385 789 1450 pater
805 1386 835 1434 et
851 1399 902 1448 res,

91 1452 119 1505 N
121 1469 160 1518 ee,
177 1453 200 1505 si
218 1453 286 1522 quid
302 1453 376 1508 fricti
392 1455 487 1509 eiceris
504 1454 602 1524 probat
619 1458 649 1510 et
665 1457 741 1510 nucis
757 1459 871 1524 emptor,

92 1527 200 1595 Aequis
217 1529 353 1596 aeeipiunt
370 1529 467 1582 animis
485 1529 620 1584 donantve
636 1545 740 1584 corona.
898 1545 932 1586 aso

92 1601 202 1668 Syllaba
219 1602 300 1671 longa
315 1602 393 1657 brevi
411 1603 535 1670 subjecta
551 1607 662 1658 vocatur
679 1604 800 1673 iambus,'

93 1676 149 1730 Pes
165 1677 250 1742 eitus3
271 1677 345 1732 unde
362 1678 446 1732 etiam
462 1679 595 1732 trimetris
612 1679 860 1746 aeereseerajussit

93 1749 202 1804 Nomen
219 1751 341 1820 iambeis,
359 1769 421 1806 eum
438 1768 517 1806 senos
533 1751 665 1807 redderet
680 1753 751 1807 ictus

15 1829 20 1878 ζ
95 1825 204 1878 Primus
221 1825 258 1878 ad
275 1829 430 1883 extremum
445 1827 539 1880 similis
557 1827 616 1880 sibi.
651 1827 713 1882 Non
730 1828 770 1882 ita
786 1827 900 1895 pridem,

15 1909 17 1916 ’
94 1899 209 1952 'lardior
226 1901 260 1953 ut'
274 1901 356 1974 paulo
372 1901 534 1969 graviorque
551 1902 656 1954 ueniret
672 1901 708 1954 ad
725 1917 811 1968 aures,
902 1915 936 1955 ess

15 2021 16 2032 ,
95 1973 237 2042 Spondeos
254 1975 365 2030 stabiles
382 1974 490 2042 injure
505 1977 620 2044 paterna
636 1975 740 2044 recepit

96 2047 261 2102 Commodus
278 2052 308 2103 et
323 2049 437 2118 patiens,
453 2065 508 2102 non
525 2053 558 2102 ut
574 2050 610 2102 de
627 2049 692 2103 sede
710 2051 827 2104 seeundo

97 2121 217 2176 (lederet
233 2127 282 2178 aut
299 2127 397 2191 quarta
414 2123 555 2178 socialiter.
590 2123 645 2178 Hie
661 2127 691 2178 et
707 2125 735 2176 in
754 2125 819 2178 Acci

97 2195 242 2250 Nobilibus
258 2197 390 2251 trimetris
407 2201 521 2266 apparet
538 2214 623 2264 rarus,
641 2202 671 2250 et
688 2199 759 2251 Enni

15 2255 16 2296 Τ
98 2271 134 2324 In
151 2279 257 2324 seenam
274 2272 371 2324 missos
388 2288 449 2326 oum
466 2289 564 2340 magno
580 2272 702 2339 pondere
719 2289 813 2327 versus
907 2296 941 2336 ξω

98 2347 159 2399 Aut
175 2361 274 2412 operae
289 2346 385 2400 celeris
402 2347 515 2400 nimium
532 2362 650 2412 curaque
669 2339 784 2416 costulis

15 2467 16 2470 ,
99 2421 159 2474 Aut
175 2419 315 2486 ignoratae
331 2421 432 2489 premit
449 2423 516 2474 artis
534 2421 645 2472 crimine
663 2421 746 2488 turpi.

99 2494 163 2548 Non
179 2495 267 2562 quivis
283 2495 360 2548 videt
377 2495 553 2548 immodulata
570 2497 696 2561 poemata
709 2493 805 2563 judex,

100 2567 138 2621 Ilt
154 2568 220 2622 data
237 2569 366 2624 Romanis
384 2569 462 2623 venia
479 2573 523 2622 est
539 2569 651 2636 indigna
667 2569 763 2637 poetis.

15 2656 19 2702 ,’
101 2641 241 2696 Ideireone
259 2660 342 2711 vager
359 2644 529 2711 scribamque
546 2643 675 2696 licenter-r
699 2659 734 2696 an
751 2659 844 2699 omnes
909 2661 943 2702 oss

100 2715 215 2770 Visuros
232 2723 343 2785 peecata
359 2713 454 2786 putem
471 2735 539 2783 mea,
555 2720 633 2771 tutus
649 2719 679 2770 et
695 2719 769 2771 intra

15 2843 17 2860 ᾖ
102 2791 184 2858 Spem
201 2792 296 2845 veniae
312 2795 423 2847 cautusl
458 2791 552 2850 llitavi
570 2791 687 2858 denique
706 2793 820 2860 eulpam,

102 2865 129 2918 N
131 2880 165 2918 on
181 2865 291 2920 laudem
307 2867 402 2920 merui.
436 2866 494 2920 Vos
512 2866 678 2934 exemplaria
695 2865 799 2922 Graeca

103 2939 242 2993 Nocturna
258 2944 365 2995 versate
381 2957 470 3006 manu,
488 2943 594 2994 versate
612 2939 716 2993 diurna.

104 3017 145 3068 At
161 3015 245 3068 vestri
261 3016 355 3084 proavi
373 3015 513 3068 Plautinos
531 3018 561 3067 et
577 3029 704 3067 numeros
720 3017 750 3069 et
909 3032 944 3074 rso

104 3087 262 3152 Laudavere
280 3089 364 3144 salesz'
387 3089 501 3142 nimium
518 3088 656 3156 patienter
673 3092 821 3160 utnsnrquo
893 3145 896 3150 ,
