2116 3424
393 110 597 159 CARMINUM
614 110 637 158 Ι.
658 111 695 162 17.

254 195 364 246 sterne
382 207 479 243 causae
497 207 546 243 eur
562 191 685 258 perirent

290 266 427 320 Funditus
444 267 671 336 imprimeretque
689 272 773 323 muris

220 341 330 406 Hostile
349 346 470 395 aratrum
488 344 625 396 exercitus
643 344 769 398 insolens.

219 418 369 484 Compesce
388 421 525 472 mentem:
543 436 588 472 me
607 435 715 488 quoque
734 423 850 486 pectoris

256 494 385 546 'lentavit
401 493 430 546 in
448 493 520 546 dulci
533 493 651 561 juvente

291 569 395 622 Fervor
412 573 441 622 et
458 569 487 622 in
505 569 608 622 celeres
625 569 731 622 'iambos

109 675 115 680 -
220 643 299 696 Misit
316 644 467 708 furentem3
484 659 556 696 nunc
574 659 623 710 ego
641 643 752 696 mitibus

220 717 332 770 Mutare
350 733 450 785 quaero
467 717 565 783 tristia,
585 718 650 770 dnm
668 718 735 770 mibi

257 791 321 845 Fias
338 791 485 845 recantatis
503 793 604 845 amica·

291 866 450 934 Opprcbriis
467 867 642 943 animumque
660 867 767 922 reddas.

497 1008 592 1062 XVII.

220 1093 321 1146 Venox
339 1107 481 1144 amoenum
499 1107 581 1159 saepe
600 1091 762 1145 Lucretilem

220 1167 314 1222 Mutat
332 1167 435 1234 Lycaeo
455 1166 564 1218 Faunus
582 1169 611 1219 et
628 1167 737 1232 igneam

207 1279 210 1286 -
256 1241 388 1294 Defendit
405 1244 538 1294 aestatem
555 1241 665 1310 capellis

290 1317 386 1384 Usque
404 1315 473 1368 meis
490 1315 648 1384 pluviosque
668 1319 770 1371 ventos.

221 1392 338 1459 Impune
357 1393 448 1444 tutum
465 1407 516 1460 per
532 1407 628 1443 nemus
645 1391 757 1444 arbutos

221 1467 363 1531 Quaerunt
379 1466 498 1518 latentes
515 1469 544 1518 et
561 1466 654 1532 thyma
672 1465 764 1520 deviae

257 1541 362 1594 Olentis
380 1557 478 1593 uxores
495 1541 594 1606 mariti,

289 1617 314 1668 N
318 1633 349 1668 ec
366 1616 467 1668 virides
485 1619 611 1668 metuunt
629 1615 752 1669 colubras

220 1691 281 1746 Nec
298 1691 438 1744 Martiales
457 1691 600 1744 Haediliae
619 1690 704 1758 lupos,

220 1768 367 1835 Utcrmque
386 1767 465 1832 dulci,
484 1766 608 1834 Tyndari,
627 1766 718 1820 fistula

256 1843 348 1896 Valles
366 1847 395 1896 et
413 1842 525 1894 Usticae
542 1841 666 1894 cubantis

289 1917 372 1971 Levia
389 1934 552 1985 personuere
571 1933 643 1970 saxa.

221 1992 258 2047 Di
275 2009 319 2046 me
337 1996 457 2058 tuentur,
476 1991 518 2044 dis
535 1991 623 2059 pietas
641 2007 703 2045 mea

221 2067 259 2122 Et
277 2068 357 2140 Musa
374 2067 449 2120 cordi
467 2069 516 2120 est.
553 2067 606 2119 Hic
624 2065 675 2119 tibi
694 2073 770 2134 eopia
861 2115 864 2124 ,

255 2142 378 2196 Manebit
395 2141 431 2194 ad
448 2142 559 2208 plenum
577 2141 693 2208 benigne

237 2242 240 2246 ·
289 2217 372 2270 Ruris
389 2217 521 2268 honorum
539 2217 665 2283 opulenta
683 2233 769 2270 cumin

219 2292 275 2347 Hic
292 2292 320 2344 in
337 2291 452 2344 reducta
469 2291 538 2344 valle
556 2290 698 2343 Caniculae

220 2367 328 2421 Vitabis
346 2371 437 2419 aestus
456 2369 484 2418 et
501 2366 556 2418 fide
574 2365 641 2418 'Pela

255 2443 336 2494 Dices
353 2441 508 2494 laborantes
526 2441 555 2493 in
573 2457 626 2492 uno

289 2517 442 2584 Penelopen
460 2516 633 2585 vitreamque
646 2515 757 2580 Circam

219 2591 276 2646 Hic
293 2591 441 2643 innocentis
459 2591 555 2657 pocula
573 2590 675 2654 Lesbii¹

219 2669 311 2724 Duces
329 2666 379 2718 sub
397 2665 500 2732 umbra,
519 2682 569 2718 nec
588 2665 738 2718 Semeleius

256 2741 324 2795 Cum
344 2741 434 2792 Marte
451 2740 599 2793 confundet
617 2740 758 2807 Thyoneus
778 2790 781 2798 ,

291 2815 403 2880 Proelia,
423 2831 471 2867 neo
488 2818 594 2868 metues
611 2818 767 2882 protervum

220 2889 352 2956 Suspecta
371 2889 478 2955 Cyrum,
497 2905 531 2940 ne
549 2889 619 2942 male
637 2888 739 2955 dispari

219 2964 426 3019 Incontinentes
443 2963 547 3030 injiciat
564 2979 660 3015 manus

255 3037 292 3092 lle
309 3038 415 3091 scindat
434 3039 592 3096 haerentem
610 3049 736 3086 eoronam

289 3111 416 3165 Crinibus
434 3109 652 3172 immeritamque
669 3109 779 3156 vestem.
856 3136 863 3158 ,-
