2144 3420
129 141 175 196 iss
401 146 554 196 nonam
572 148 702 197 susem
1060 171 1061 216 3

128 227 184 280 Gur
201 227 265 295 eget
282 225 408 295 indignus
426 229 569 297 quisquam
587 232 617 282 te
635 229 741 282 divite?
776 228 866 294 Quare
968 232 977 251 ³

127 299 238 370 'l’empla
255 307 338 356 ruunt
355 303 468 370 antiqua
485 303 586 357 deumi
623 303 685 367 Gur,
704 303 833 372 improbe,
850 317 929 358 carue
1060 357 1061 380 χ

127 374 153 429 N
155 391 189 428 on
207 377 310 444 aliquid
327 378 432 445 patriae
449 382 527 432 tanto
545 378 666 432 emetiris
683 380 797 434 acervoi
942 394 980 436 roo
1060 393 1061 416 ³

127 449 182 504 Uni
199 451 324 504 nimirum
342 456 416 506 recte
433 452 484 505 tibi
503 469 613 521 semper
630 456 710 506 erunt
727 469 779 520 res

127 525 150 579 Ο
169 541 281 593 magnus
299 527 410 595 posthac
427 527 541 582 inimicis
558 528 645 581 risus!
682 527 788 582 Uterne

126 601 174 653 Ad
191 614 267 654 casus
286 601 381 654 dubios
399 602 467 655 fidet
485 602 536 655 sibi
554 603 672 656 certius?
709 602 763 655 Hic
780 602 827 671 qui

127 675 253 729 Pluribus
271 676 393 736 adsuerit
410 681 531 731 mentem
549 693 701 746 corpusque
720 677 874 746 superbum,
1060 721 1061 726 ,

126 750 172 804 An
190 752 236 819 qui
254 755 397 804 contentus
414 768 497 820 parvo
515 755 694 820 metuensque
711 751 797 804 futuri
940 767 978 809 llo
1060 749 1061 752 ’

126 825 160 878 In
178 843 244 894 pace
261 831 292 880 ut
310 827 418 894 sapiens
436 829 536 895 aptarit
553 827 650 880 idonea
667 825 760 880 belloi
1060 839 1061 878 1

126 899 185 963 Quo
202 902 288 967 magis
306 901 348 954 his
366 903 468 967 credes,
487 918 554 970 puer
571 901 644 954 hunc
661 918 711 968 ego
728 917 828 970 parvus
846 900 965 955 Ofellam
1060 927 1061 964 3

125 975 244 1043 Integris
262 976 357 1044 opibus
375 978 436 1030 novi
454 993 508 1030 non
525 977 607 1030 latius
625 993 704 1029 usum
1060 977 1061 994 ¹

125 1050 212 1113 Quam
229 1068 300 1104 nunc
317 1052 416 1106 accisis.
452 1051 554 1105 Videas
572 1055 676 1104 metato
694 1051 722 1104 iu
740 1051 826 1118 agello
907 1047 910 1050 ⁴

125 1125 193 1177 (ium
210 1142 306 1193 pecore
324 1130 353 1179 et
369 1126 459 1194 gnatis
476 1127 574 1180 fortem
592 1126 719 1180 mercede
736 1127 867 1193 colonum,
936 1142 973 1184 11⁵
1060 1147 1061 1184 ὲ

124 1199 207 1254 ,“Νοη
226 1201 297 1268 ego,’'
310 1205 474 1268 narrantem,
488 1201 614 1254 “temere
632 1201 677 1254 edi
696 1201 755 1254 luce
773 1203 893 1270 profesta

124 1274 278 1344 Quidquam
295 1281 405 1344 praeter
422 1277 481 1329 olus
498 1277 618 1329 fumosae
635 1293 696 1330 cum
714 1276 785 1345 pede
801 1293 910 1344 pernae.

124 1351 167 1403 Ac
183 1351 249 1403 mihi
266 1368 315 1404 seu
332 1352 442 1418 longum
459 1355 522 1420 post
539 1354 647 1418 tempus
664 1355 778 1404 venerat
794 1351 899 1420 hospes,

123 1425 186 1480 Sive
203 1443 319 1494 operum
332 1443 415 1480 vucuo
432 1430 527 1494 gratus
545 1427 656 1479 conviva
672 1442 723 1494 per
740 1425 855 1480 imbrem
1060 1485 1061 1498 χ

123 1499 241 1567 Vicinus
259 1501 330 1555 bene
347 1505 407 1554 erat
425 1518 478 1554 non
495 1500 614 1568 piscibus
631 1500 700 1554 urbe
717 1501 826 1569 petitis,-
933 1515 974 1558 ιω

122 1577 177 1630 Sed
194 1577 267 1645 pullo
284 1580 367 1644 atque
385 1576 488 1641 haed03
504 1581 564 1629 tum
581 1575 692 1644 pensilis
709 1593 762 1630 uva
779 1573 911 1630 secundas
935 1611 937 1617 ·

122 1651 159 1704 Et
176 1669 231 1704 nux
249 1651 362 1705 ornabat
379 1667 485 1704 mensas
503 1668 564 1704 eum
582 1650 689 1718 duplice
706 1651 766 1705 ficu

122 1725 188 1779 Post
206 1726 256 1780 hoc
273 1727 353 1780 ludus
371 1729 431 1780 erat
448 1725 527 1793 culpa
544 1729 640 1794 potare
657 1725 796 1794 magistra,

122 1801 164 1853 Ac
181 1805 309 1854 venerate
327 1802 410 1856 Ocres
427 1801 467 1854 ita
485 1800 573 1854 culmo
591 1805 716 1868 surgeret
732 1801 795 1867 alto,

121 1874 258 1943 ll'xplicuit
274 1877 335 1928 vino
353 1879 507 1929 contractae
525 1875 596 1928 seria
613 1876 717 1929 frontis.
852 1885 856 1895 ¹
933 1891 970 1932 ms

121 1949 228 2004 Saeviet
238 1953 328 2018 'atque
346 1967 428 2004 novos
446 1953 553 2003 moveat
572 1951 694 2003 Fortuna
711 1935 851 2016 tumultus,

119 2025 256 2089 Quantum
266 2027 328 2078 hinc
336 2026 496 2080 imminuet?
513 2025 731 2093 Quantoautego
738 2025 846 2092 parcius
855 2027 967 2094 autvos,
1060 2037 1061 2096 j

31 2155 35 2166 ,
120 2099 144 2152 Ο
162 2102 247 2168 pueri,
264 2101 383 2154 nituistis
400 2105 432 2153 ut
449 2100 501 2154 huc
519 2116 604 2152 novus
621 2099 708 2152 incola
725 2100 819 2152 veiriti
1060 2099 1061 2108 ³

119 2175 145 2228 N
147 2191 194 2230 arn,
207 2177 332 2244 propriae
349 2177 455 2230 telluris
473 2176 569 2228 herum
586 2179 685 2228 natura
702 2191 791 2242 neque
808 2163 893 2227 illumi
1060 2237 1061 2240 Ἴ

118 2250 178 2304 Nec
194 2267 238 2304 me
254 2268 303 2305 nec
321 2267 484 2320 quemquam
502 2250 613 2304 statuit:
630 2267 679 2302 nos
698 2250 801 2316 expulit
818 2250 879 2316 ille;
931 2264 968 2306 rso
1060 2251 1061 2306 l

118 2325 201 2380 lllnm
218 2331 265 2380 aut
282 2326 417 2392 nequities
435 2330 482 2378 aut
499 2325 568 2378 vafri
586 2325 692 2378 inscitia
704 2325 785 2393 juris,
1060 2325 1061 2328 ’

118 2401 290 2456 Postremum
307 2401 427 2468 expellet
444 2402 520 2453 certe
536 2400 654 2453 vivacior
671 2401 759 2454 heres.
852 2410 855 2415 “

116 2475 143 2528 N
144 2493 197 2530 unc
213 2493 279 2544 ager
296 2473 429 2528 Umbreni
447 2475 498 2528 sub
515 2475 630 2542 nomine,
647 2491 735 2543 nuper
753 2473 857 2528 Ofellee

116 2547 220 2619 Dictus,
239 2552 292 2604 erit
308 2549 375 2602 nulli
393 2549 525 2617 proprius,
544 2549 594 2603 sed
611 2549 692 2602 cedet
708 2549 736 2602 iu
753 2565 833 2602 usum

115 2625 197 2679 Nunc
214 2625 281 2678 mihi
298 2640 369 2677 nuno
386 2624 439 2677 alii.
475 2625 606 2688 Quocirca
623 2624 706 2677 vivito
723 2623 808 2676 fortes
930 2635 967 2678 ist
1060 2669 1061 2700 ὲ

116 2699 264 2768 Fortiaque
281 2698 402 2753 adversis
419 2700 549 2768 opponite
566 2702 677 2768 pectora
693 2697 797 2752 rebus.”
1060 2717 1061 2726 ¹

512 2832 569 2886 Ill.

115 2916 187 2970 “Sro'
200 2934 262 2970 raro
280 2918 382 2986 scribis,
398 2922 431 2972 ut
448 2922 506 2972 toto
524 2936 577 2972 non
595 2923 693 2988 quater
709 2937 807 2975 annor

115 2989 301 3044 Membranam
318 3009 420 3060 poscas,
439 2995 599 3061 scriptorum
617 3011 742 3062 quaeque
758 2999 896 3067 retexens,

117 3061 208 3114 Iratus
226 3064 277 3116 tibi
295 3065 368 3130 quod
385 3065 441 3117 nini
460 3069 599 3134 somnique
616 3067 751 3136 benignus
1060 3087 1061 3138 l

116 3133 291 3204 Nildignum
309 3153 430 3192 sermono
448 3156 534 3196 cauas.
569 3141 642 3205 Quid
659 3144 726 3199 fieti
759 3147 801 3200 At
817 3144 894 3216 ipsis.
947 3191 963 3208 ,.
