2126 3410
366 155 580 204 SATIRARUM
592 156 629 206 11.
643 157 667 206 2.
892 154 949 205 135Χ

11 277 22 298 .
90 205 172 292 Quali
188 205 274 298 igitur
290 231 363 286 victu
381 235 488 301 sapiens
505 237 606 300 utetur,
625 238 654 288 ot
670 235 781 290 horum'

11 303 18 484 Ι

11 1041 14 1264 Ι

11 1899 15 2138 Ι

11 2193 15 2394 Ι

11 2401 15 2644 Ι

89 303 192 358 Utrum
210 305 381 361 imitabitur?
418 308 478 360 Hac
496 313 576 376 urget
594 309 680 377 lupus,
693 308 743 363 hac
760 307 841 376 canis,
853 308 936 364 aiunt

89 377 211 432 Mundus
230 381 282 434 erit
300 397 353 448 que
369 397 423 434 non
441 383 560 436 offendat
579 383 710 452 sordibus,
728 389 810 452 atque
912 397 936 438 oe

89 451 123 506 Iu
140 455 266 507 neutram
283 460 390 522 partem
408 457 496 510 cultus
513 459 601 511 miser.
638 458 692 510 Hic
709 475 797 527 neque
814 458 919 526 servis*

89 528 188 582 Albuti
206 529 281 582 senis·
295 531 425 598 exemplo,
444 531 509 584 dum
526 533 618 586 munia
636 532 708 586 didit

89 602 191 657 saeuus
209 605 277 668 erit;
294 621 344 658 nec
362 606 400 658 sic
417 610 450 660 ut
467 607 582 674 simplex
600 607 626 660 N
628 605 720 660 sevius
737 611 845 662 unctam

89 677 216 730 Convivis
226 678 370 752 praebebit
381 697 480 748 aquam
487 701 494 746 ;
511 681 607 734 vitium
619 682 669 735 hoc
681 699 788 750 quoque
800 699 934 751 magnum.

88 753 190 820 Accipe
208 769 280 806 nunc
297 755 384 807 victus
401 755 491 808 tenuis
508 773 579 824 quae
597 761 753 824 quantaque
771 773 862 811 seeum
910 773 934 812 ro

88 827 202 882 Afferat
238 828 376 896 Imprimis
393 830 482 882 valeas
499 830 582 885 bene:
599 848 662 884 nam
679 833 770 885 variae
788 849 832 886 res

87 900 126 955 Ut
143 907 260 956 noceant
277 903 379 956 bomini
397 904 493 958 credas
510 921 613 958 memor
630 906 701 959 illius
719 923 797 960 escae
814 927 816 934 ⁴

11 1037 12 1040 Ἴ
87 977 163 1039 Quae
181 978 297 1046 simplex
314 979 378 1031 olim
395 979 447 1032 tibi
465 980 581 1046 sederit;
598 985 627 1034 et
645 981 724 1034 simul
741 981 823 1034 assis·

86 1051 230 1106 Miscueris
248 1053 325 1120 elixa,
344 1054 423 1106 simul
440 1054 577 1122 conchylia
593 1055 689 1124 turdis,

85 1125 183 1180 Dulcia
200 1145 231 1181 se
248 1128 277 1180 in
294 1127 376 1181 bilem
393 1133 502 1182 vertent
520 1131 711 1198 stomachoque
728 1131 876 1185 tumultum
910 1145 934 1186 rt

85 1199 173 1255 Lenta
189 1202 263 1256 ieret
280 1203 386 1272 pituita.
422 1203 509 1256 Vides
526 1207 558 1257 ut
575 1204 691 1271 pallidus
709 1207 797 1258 omnis

85 1276 177 1330 Coena
194 1277 325 1344 desurgat
343 1278 445 1332 dubia?
482 1279 553 1342 Quin
572 1295 668 1347 corpus
685 1285 811 1334 onustum

83 1350 232 1405 Hesternis
250 1353 324 1406 vitiis
341 1353 460 1406 animum
478 1369 586 1421 quoque
603 1349 844 1422 praegravatum,

83 1429 179 1494 Atque
197 1427 284 1494 affigit
300 1427 382 1480 humo
400 1427 508 1480 divinae
525 1429 685 1496 particulam
703 1445 792 1484 aurae.

83 1501 168 1555 Alter
185 1501 234 1554 ubi
252 1501 327 1554 dicto
345 1503 424 1554 citius
442 1505 535 1554 curate
553 1503 642 1570 sopori
908 1521 932 1560 so

82 1575 212 1630 Membra
228 1576 306 1630 dedit
323 1582 436 1642 vegetus
453 1577 622 1644 praescripta
639 1576 675 1630 ad
692 1577 783 1630 munia
801 1578 894 1645 surgit.

82 1648 138 1702 Hic
155 1653 249 1702 tamen
267 1648 303 1701 ad
319 1650 416 1716 melius
433 1650 535 1717 poterit
549 1654 736 1705 transcurrere
752 1652 896 1722 quondam,

81 1723 146 1777 Sive
164 1723 238 1776 diem
255 1724 355 1781 festum
372 1724 482 1777 rediens
499 1725 642 1779 advexerit
659 1742 752 1790 annus,

81 1797 137 1852 Seu
155 1815 281 1852 recreare
298 1798 370 1852 volet
386 1803 529 1852 tenuatum
547 1816 651 1868 eorpus,
668 1801 771 1869 ubique

81 1873 227 1930 Accedent
244 1873 306 1925 anni
324 1877 354 1926 et
370 1874 483 1926 tractari
501 1874 607 1927 mollius
626 1879 702 1928 aetas
906 1892 939 1933 ες

81 1947 225 2001 imbecilla
241 1947 328 2012 volet;
344 1947 395 2000 tibi
413 1948 542 2016 quidnam
560 1949 672 2002 accedet
689 1949 724 2002 ad
742 1949 822 2004 istam

82 2022 172 2086 Quam
191 2039 261 2090 puer
278 2026 307 2076 et
324 2023 429 2076 validus
445 2025 596 2091 praesumis
613 2025 760 2092 mollitiem,
779 2042 827 2079 seu

81 2097 161 2150 Dura
177 2097 305 2150 valetudo
322 2097 449 2151 inciderit
467 2114 516 2150 seu
532 2099 613 2152 tarda
631 2102 775 2153 senectus?
832 2141 835 2146 .

81 2172 236 2226 Rancidum
256 2188 351 2240 aprum
368 2173 473 2240 antiqui
490 2173 644 2240 laudabant,
663 2189 715 2226 nou
734 2175 797 2243 quia
814 2193 894 2230 nesus

81 2247 142 2300 Illis
160 2247 250 2300 nullus
268 2252 328 2300 erat
346 2247 395 2300 sed
412 2247 493 2300 oredo
511 2247 561 2300 hac
578 2252 677 2315 mente,
695 2250 769 2316 quod
786 2249 883 2318 hospes
905 2267 929 2306 co

81 2321 200 2375 'sardius
217 2321 363 2384 adveniens
380 2323 506 2376 vitiatum
523 2323 689 2376 commodius
707 2341 788 2392 quam

81 2396 227 2464 Integrum
239 2397 309 2454 edax
321 2397 446 2450 domiuus
458 2401 635 2452 consumeret.
670 2399 730 2452 Hos
741 2399 845 2454 utinam
857 2400 929 2454 inter

81 2471 191 2524 Heroas
198 2475 296 2524 uatum
314 2472 458 2527 tellusme
475 2472 562 2539 prima
579 2473 703 2527 tulisset!

80 2545 139 2600 Das
157 2545 262 2614 aliquid
278 2547 366 2600 famae
385 2563 454 2615 quae
472 2547 591 2600 camnine
608 2549 710 2614 gratior
726 2564 820 2602 eurem

81 2623 206 2687 Occupet
222 2621 380 2676 humanam:
397 2621 514 2688 grandes
532 2622 637 2674 rhombi
654 2623 817 2690 patinaeque
905 2639 929 2680 m

81 2695 194 2749 Grande
210 2695 303 2754 ferunt
319 2713 373 2752 una
390 2713 451 2750 cum
470 2696 568 2748 damno
585 2696 718 2762 dedecus;
735 2698 807 2752 adde

81 2770 190 2824 Iratum
207 2776 342 2838 patruum,
361 2771 469 2838 vicinos,
487 2774 517 2824 te
534 2770 585 2823 tibi
603 2771 732 2840 iniquum,

81 2845 118 2904 Et
135 2846 239 2898 frustra
256 2847 351 2898 mortis
368 2845 503 2914 cupidum,
522 2861 583 2898 oum
600 2845 690 2898 deerit
708 2847 799 2913 egenti

82 2921 124 2977 As
142 2919 233 2987 laquei
251 2920 376 2986 pretium.
406 2920 520 2985 “dure’'
532 2921 629 2988 inquit,
643 2921 791 2974 “'irausius
809 2922 869 2977 istis

81 2995 338 3062 iurgatursrverbim
356 3011 406 3062 ego
423 2994 564 3060 vectigalia
581 3011 677 3062 magna
895 3015 928 3054 ιω

81 3069 254 3137 Divitiasqpe
272 3069 361 3120 habeo
376 3067 465 3121 tribus
482 3069 584 3134 amplas
602 3067 732 3133 regibus?
769 3069 841 3135 Ergo

82 3143 171 3212 Quod:
182 3149 292 3212 superet
308 3159 362 3195 non
380 3146 423 3196 est
439 3140 535 3192 melius
553 3157 607 3208 quo
624 3141 759 3193 insumere
775 3142 877 3210 possiet
