2126 3410
141 113 188 161 rao
378 95 617 152 surrunnuu
633 101 656 148 1.
677 89 713 150 ross
813 111 816 114 ·
840 109 843 114 ·
884 109 888 112 ·

139 185 249 243 Vilibus
265 189 294 242 iu
310 189 384 247 ludis
403 189 500 242 dictari
518 190 636 242 carmina
653 189 752 242 malisl
968 201 994 242 rs

139 264 203 318 Non
215 280 278 331 ego;
295 281 358 318 narn
371 264 436 317 satis
452 269 495 316 est
504 265 624 332 equitem
633 265 699 316 mihi
709 258 848 332 plaudere,
855 264 888 316 ut
898 260 993 314 audax

140 339 311 406 Contemptis
327 339 388 392 aliis
406 340 517 408 explosa
535 339 688 392 Arbuscula
706 339 782 392 dixit.

140 412 206 467 Men
224 417 331 468 moveat
349 415 436 467 cimex
455 415 595 482 Pantilius,
615 418 662 468 aut
679 415 782 468 cruciet
800 411 875 481 quod

140 488 258 546 ‚Vellicet
275 489 415 542 absentem
434 489 598 555 Demetrius,
618 493 665 542 aut
683 489 757 557 quod
774 489 885 555 ineptus

134 563 265 618 'Fannius
279 564 459 632 Hermogenis
476 564 567 617 laedat
584 564 695 618 conviva
713 563 828 630 Tigellil
968 576 995 616 so
1054 573 1055 602 1

141 638 247 692 Plotius
264 643 293 693 et
311 639 417 706 Verius,
437 639 580 692 Maecenas
599 637 793 706 virgiliusque,

141 713 255 782 Valgius
273 717 301 768 et
318 713 417 782 probet
435 715 503 768 haec
522 713 657 782 Octavius,
674 714 793 783 optimus
810 715 895 780 atque

142 789 252 843 Fuscus
263 793 292 842 et
309 789 375 842 haec
392 790 496 843 utinam
514 789 657 843 Viscorum
674 789 769 844 laudet
785 791 918 858 uterque!

142 865 301 918 Ambitione
319 865 440 932 relegata
456 868 486 919 te
505 865 595 919 dicere
613 882 729 934 possum,

135 939 236 1006 Pollio,
254 944 290 1006 te,
310 940 443 1007 Messalla,
461 944 509 994 tuo
527 957 587 994 cum
605 941 697 1010 fratre,
716 940 850 1009 simulque
966 953 994 994 ss

142 1015 207 1082 Vos,
227 1015 324 1083 Bibule
342 1019 371 1069 et
390 1016 473 1082 Servi,
493 1015 571 1068 simul
590 1015 631 1068 his
649 1020 686 1082 te,
704 1017 818 1069 candide
837 1016 929 1084 Furni,

142 1091 302 1159 Complures
320 1091 393 1157 alios,
411 1091 503 1144 doctos
522 1107 571 1158 ego
589 1107 657 1159 quos
675 1094 703 1144 et
721 1093 819 1144 amicos

80 1229 87 1242 ·
143 1165 268 1220 Prudens
285 1170 445 1234 praeberem
463 1166 560 1234 quibus
578 1165 651 1231 hacc,
671 1171 733 1219 sunt
750 1165 956 1235 qualiacunque,
1054 1191 1055 1216 3

67 1292 68 1296 ,
144 1241 277 1296 Arridere
295 1241 382 1308 velim,
400 1240 534 1294 doliturus
552 1239 574 1292 si
592 1239 715 1307 placeant
733 1256 781 1308 spe

143 1317 271 1370 Deterius
288 1319 387 1368 nostra
423 1315 553 1382 Demetri,
571 1318 661 1382 teque,
680 1315 784 1383 Tigelli,
964 1333 992 1374 aa
1054 1315 1055 1318 ’

144 1391 341 1459 Discipularum
358 1389 431 1444 inter
444 1389 529 1457 Jubeo
546 1390 652 1457 plorare
668 1390 818 1444 cathedras.

145 1467 169 1536 1,
184 1483 261 1538 puer,
277 1470 359 1537 atque
376 1481 437 1522 meo
454 1465 523 1521 citus
540 1464 606 1520 haec
622 1463 761 1541 subscribe
777 1465 877 1522 libello.
