2116 3424
395 149 599 202 GARMTNUM
615 151 653 201 11.
670 155 693 201 8.
941 161 968 208 31

256 233 375 290 samo
391 249 443 303 per
459 234 552 286 hostes
571 232 723 286 Mercurius
739 232 811 288 ocloe

256 309 350 364 Denso
367 312 513 378 paventem
531 307 643 361 sustulit
659 311 740 371 sere3
902 357 906 364 ,

290 383 329 438 'le
345 399 440 438 rursus
456 383 485 436 in
502 382 604 458 bellum
621 381 764 436 resorbens
948 396 971 440 n

324 459 407 514 Unda
423 458 502 512 iretis
519 455 584 512 tulit
601 457 742 511 aestuosis.

254 534 330 603 ergo
346 533 494 602 obligatam
511 531 598 586 redde
615 531 679 584 Jovi
696 531 796 600 dapem

255 609 404 678 Longaque
421 609 524 662 fessum
541 607 638 662 militia
655 606 727 660 latiis

290 684 404 753 Depone
422 683 473 738 snb
490 683 570 738 lauro
585 699 649 737 mea
665 697 716 736 nec

325 759 409 813 Parce
427 759 502 812 cadis
518 757 570 812 tibi
588 757 737 812 destimtis

256 831 393 888 Oblivioso
410 833 481 888 levia
498 833 614 888 Massico

256 908 366 965 (liberie
382 908 480 976 exple;
496 908 583 963 funde
600 906 744 979 capacibus

290 983 437 1051 Unguento
454 983 490 1038 de
507 983 620 1039 conchis
656 983 723 1047 Quis
740 983 795 1037 udo

324 1059 514 1128 Deproperare
531 1060 593 1127 cpio
610 1074 722 1112 omonas

255 1134 375 1190 Guratve
391 1136 499 1203 myrtei
517 1150 600 1203 quem
618 1133 711 1186 Venus
729 1131 864 1187 arbitrum

255 1209 337 1264 Dicet
354 1209 485 1264 bibendis
521 1209 584 1262 Non
601 1225 652 1276 ego
670 1207 763 1264 sanius

290 1284 447 1338 Bacchabor
464 1283 582 1338 Edonis:
599 1287 711 1352 recepto

323 1359 410 1415 Dulce
426 1359 493 1414 mihi
509 1359 601 1414 onere
619 1361 662 1412 est
679 1357 773 1414 amico.

254 1551 336 1642 cm
353 1586 462 1656 sjmss
478 1504 663 1657 ciliano
686 1613 691 1622 -

256 1661 354 1730 Poena,
372 1661 481 1731 Recine,
497 1663 634 1716 nocuisset
650 1677 778 1731 unquam,

255 1735 346 1791 Dente
363 1736 387 1790 si
404 1737 482 1806 nigro
499 1738 579 1792 fieres
594 1737 640 1791 vel
656 1753 712 1791 uno

273 1811 404 1880 'Turpior
420 1811 511 1880 angnia

255 1885 410 1941 Crederem
446 1887 503 1941 Sed
519 1890 552 1942 tu
570 1887 649 1942 simul
666 1886 792 1954 obligasti

255 1960 396 2015 Perfidum
412 1961 484 2016 votis
500 1967 583 2032 caput
599 1961 726 2016 enitescis

255 2035 396 2090 Pulchrior
412 2037 532 2091 multo
498 2052 706 2107 ,juvenumque
722 2036 827 2156 prodis

290 2110 402 2165 Publica
418 2127 491 2167 cura
815 2153 818 2160 ,

255 2184 376 2254 Expedit
392 2187 488 2244 matris
504 2187 609 2242 cineres
626 2190 735 2256 opertos

255 2259 362 2314 Fallere
379 2265 408 2315 et
426 2264 486 2316 toto
502 2263 638 2316 taciturna
653 2262 756 2316 noctis

157 2379 160 2384 Δ
254 2333 339 2403 Signa
355 2351 416 2390 curn
434 2337 508 2390 caelo
525 2336 668 2406 gelidaque
686 2337 762 2391 divos

289 2410 380 2466 Morte
397 2415 533 2490 carentes

255 2483 341 2540 Ridet
355 2482 433 2540 hoc
425 2483 536 2557 inquain
554 2487 674 2542 Venns'
666 2503 732 2557 1psa‚
749 2487 841 2543 rident

134 2569 139 2574 ·
254 2559 397 2630 Simplices
415 2563 564 2632 Nymphae,
580 2564 656 2618 ferus
673 2561 827 2631 etoupido

255 2634 370 2706 Semper
387 2637 515 2694 ardentes
532 2655 631 2694 acuens
649 2639 763 2708 sagittas

290 2711 358 2767 (loto
374 2721 493 2770 cruente.

257 2786 340 2842 Adde
357 2789 431 2858 quod
448 2789 534 2857 pubes
551 2789 603 2844 tibi
620 2790 718 2844 crescit
734 2789 825 2857 omnis

256 2860 379 2918 Servitus
396 2865 493 2919 crescit
510 2881 586 2932 nova,
603 2881 653 2918 nec
670 2865 774 2933 priores

256 2937 361 3006 Impiae
378 2941 482 2994 tectum
500 2940 624 2994 dominae
640 2940 797 3008 relinquunt
826 2977 828 2984 ι
906 2953 909 2958 ·

290 3013 377 3082 Saepe
394 3015 495 3068 minati.

256 3085 295 3140 Te
312 3089 367 3141 suis
384 3093 487 3141 matres
504 3091 629 3140 metuunt
641 3086 773 3152 juvencis,

256 3159 295 3214 Te
312 3177 391 3215 senes
407 3160 482 3229 parci
500 3161 667 3226 miseraeque
684 3175 769 3226 nuper
817 3195 824 3202 .
