2126 3410
360 163 506 214 EPODON
522 164 639 224 LIBER,
658 168 681 214 ⁵.
903 167 937 218 &l

111 253 115 260 “
193 243 431 306 concelebrantis
448 248 532 312 sique
551 244 676 297 servilem
693 261 803 300 manum

230 319 297 385 Hoc,
315 307 366 372 hoc
383 319 492 372 tribuno
511 319 644 374 militumi
918 338 940 376 se

195 543 269 609 “An
287 559 304 596 ο
322 543 434 596 deorum
452 541 587 610 quidquid
603 543 632 596 in
650 545 724 598 caelo
741 545 814 619 regib

228 617 326 670 Terras
343 620 372 670 ei
389 617 537 669 humanum
554 633 648 684 genus,

196 689 268 756 Quid
284 690 338 744 iste
355 691 410 743 fert
427 691 581 745 tumultus?
599 696 648 746 sui
665 692 732 762 quid
749 693 867 747 omnium

229 763 331 817 Vultus
347 763 376 818 in
392 779 477 816 unum
494 780 539 818 me
556 767 667 819 tmoesr

194 839 250 892 Per
266 837 368 892 liberos
384 841 421 905 ie,
439 837 462 891 si
479 841 575 892 vocata
591 839 725 906 partubus
927 854 941 894 a

229 913 330 966 Lucina
346 913 420 967 veris
437 912 522 978 efficii,
554 957 557 964 .
617 944 621 964 2

195 988 249 1042 I'er
265 987 317 1041 hoc
333 987 414 1040 inane
430 1003 569 1055 purpurae
586 987 669 1040 decus
686 1005 791 1057 precor,

229 1062 284 1116 Per
300 1062 516 1130 improbaturum
534 1061 601 1114 haec
617 1062 637 1114 J
638 1077 722 1129 ovem,

196 1135 268 1200 Quid
284 1139 318 1189 ui
333 1151 450 1189 noverea
466 1151 511 1188 me
528 1135 644 1188 intueris
661 1139 710 1188 aui
726 1136 768 1190 uti

229 1210 321 1264 Petita
337 1211 409 1264 ferro
426 1209 552 1263 belluai¹’
659 1217 661 1222 '

194 1286 235 1340 Ui
252 1285 319 1340 haec
335 1285 464 1338 trementi
483 1288 596 1352 questus
613 1301 660 1338 ore
678 1286 802 1340 constitit

231 1360 387 1427 Insignibus
404 1359 491 1428 raptis
508 1375 586 1426 puer,

195 1434 313 1502 impube
328 1448 425 1501 corpus
442 1433 522 1501 quale
538 1436 634 1501 posset
652 1432 735 1500 impie

230 1509 339 1562 Mollire
357 1509 491 1562 Thracum
508 1512 627 1576 pectore,

196 1583 309 1637 Canidia
325 1581 454 1636 brevibus
471 1581 610 1649 implicabo
627 1581 728 1650 viperis

231 1658 327 1710 Orines
344 1660 373 1710 ei
389 1657 556 1723 incomptum
573 1659 656 1724 caput

195 1733 213 1786 J
217 1732 284 1785 ubet
301 1731 432 1800 sepulcris
449 1729 588 1797 caprificos
605 1733 707 1798 erutas,

229 1807 247 1858 J
250 1806 316 1860 ubei
333 1819 475 1872 cupressus
491 1803 627 1870 funebres,
718 1848 722 1854 .

195 1881 232 1934 Ei
249 1884 332 1934 uncte
347 1879 437 1946 turpis
454 1893 506 1931 ova
522 1894 606 1930 ranae
623 1877 761 1945 sanguine,
784 1917 792 1932 .

231 1956 409 2022 Phunemqne
425 1957 573 2006 nocturnae
590 1953 690 2020 strigis,

196 2028 360 2096 Herbasque
378 2043 446 2095 ques
465 2026 553 2083 Iolcos
570 2030 654 2094 sique
672 2026 788 2082 Hiberia

230 2103 319 2156 irratio
336 2117 500 2155 venenorum
517 2101 602 2167 ferax,

196 2174 232 2228 Et
250 2192 312 2228 ossa
328 2175 363 2228 ab
380 2191 428 2228 ore
444 2178 524 2242 rapio
537 2174 652 2242 jejunae
668 2174 741 2229 oanis
832 2199 835 2210 ν

232 2249 359 2302 Flammis
377 2247 455 2300 aduri
474 2248 610 2302 Colchicis.

197 2329 239 2380 Ar
255 2323 384 2391 expedita
401 2322 507 2388 Sagana
523 2338 573 2388 per
589 2325 676 2376 iubam
694 2322 805 2378 domum

231 2399 367 2466 spargens
385 2397 534 2456 Avernales
551 2413 635 2464 equas

111 2481 117 2488 '
196 2471 302 2526 Ilorrei
319 2471 429 2538 capiliis‚
444 2475 476 2524 ui
494 2471 613 2523 marinus
631 2470 732 2538 asperis

231 2546 349 2599 Echinus
367 2548 414 2598 aui
432 2551 542 2598 currens
559 2561 631 2612 aper.

197 2621 304 2675 abacta
320 2619 394 2673 nulla
412 2619 482 2672 Veia
499 2620 662 2678 consuentia

230 2694 378 2762 ligonibus
394 2693 470 2746 duris
481 2693 599 2746 humum

196 2769 384 2823 Exhauriebai
400 2768 541 2836 ingemens
558 2767 703 2834 laboribus,

230 2843 290 2907 Quo
306 2845 398 2911 passer
415 2842 530 2895 infossus
546 2859 616 2910 puer
850 2897 857 2910 ,

196 2917 290 2984 Longo
308 2917 353 2970 die
370 2917 413 2968 bis
429 2919 529 2984 terque
545 2919 667 2972 mutatae
685 2919 764 2987 dapis
833 2924 838 2930 '

232 2991 350 3044 lnomori
368 2991 526 3058 spectaculo

119 3125 125 3134 ,
197 3065 266 3120 Cum
284 3065 451 3132 promineret
469 3080 516 3116 ore
534 3067 665 3129 quantum
684 3067 793 3116 exstant
811 3081 881 3130 uquu
919 3077 943 3118 rs

231 3139 369 3205 Suspenso
385 3139 478 3188 mento
494 3149 623 3201 eorpora;
