2126 3410
396 123 550 174 HORATII
565 124 696 175 FLAOOI

191 204 330 260 Inachium
342 207 386 258 ter
397 207 460 256 noct
461 220 476 256 e
488 207 574 272 potes,
586 203 652 256 mihi
664 219 773 271 semper
784 202 822 259 ad
832 220 919 257 unum
945 211 983 256 ἰι

224 279 315 333 Mollis
331 293 405 348 opus
441 277 540 331 Pereat
557 277 628 330 male
647 294 717 345 quae
735 281 764 330 te

190 353 289 408 LesbIa
305 355 448 422 quaerenti
466 355 575 406 taurum
594 353 757 405 monstrarit
775 352 942 442 inertem.

225 428 294 482 Cum
310 427 377 482 mihi
394 427 466 482 Cous
483 427 594 480 adesset
612 429 754 494 Amyntas,

191 503 300 571 Gujus'
292 520 321 556 ιιι
338 502 469 556 Indomita
487 501 680 555 constantior
672 501 782 569 inguine
800 516 902 554 nervus

225 578 311 642 Quam
328 594 397 630 nora
414 577 527 630 collibus
544 576 626 629 arbor
642 576 774 628 inhaeret.
951 589 978 628 ar

189 652 340 706 Muricibus
358 653 445 721 Tyriis
462 651 578 705 iteratae
596 651 697 704 vellera
713 651 791 704 lanne

224 728 275 782 (lui
292 727 526 795 properabanturl
562 726 622 779 Tibi
639 742 745 794 nempe,

189 803 216 856 N
218 819 233 856 e
250 803 322 855 foret
338 801 465 870 aequales
481 802 555 855 inter
572 801 691 867 conviva,
708 799 796 866 magis
814 814 896 867 quem

224 877 358 943 Diligeret
375 876 472 928 mulier
489 892 538 929 sua
555 891 636 944 quam
653 879 690 928 te.
830 894 833 902 ·

189 950 214 1004 0
232 967 282 1018 ego
300 967 354 1002 non
371 949 444 1017 felix,
461 966 543 1018 quam
560 955 593 1003 tu
609 949 681 1017 fugis
697 951 729 1002 ut
746 950 828 1016 pavet
845 961 922 999 acres
945 961 972 1000 2⁵

223 1027 305 1093 Agna
321 1024 399 1093 lupos
416 1039 583 1092 capreaeque
600 1023 706 1078 leones!

500 1163 587 1218 XIII.

154 1245 290 1300 Honnma
306 1248 453 1315 tempestas
470 1246 575 1300 eaelmn
591 1244 729 1299 contraxit
745 1246 777 1298 et
794 1243 898 1298 imbres

187 1321 325 1390 Niuesque
337 1319 476 1374 deducunt
487 1320 506 1372 J
509 1335 601 1384 ovem;
618 1335 690 1374 nunc
701 1335 786 1386 mare,
796 1335 869 1372 nune
881 1317 970 1372 siluae

153 1395 277 1450 Threicio
296 1394 431 1463 Aquilone
450 1397 561 1447 sonant:
579 1394 723 1462 rapiamus,
741 1393 828 1460 arilei,

187 1469 361 1522 Occasionem
379 1469 415 1521 de
432 1467 486 1535 die,
504 1468 624 1536 dumque
643 1467 733 1520 virent
749 1483 839 1534 genua
859 1473 861 1476 '

152 1543 190 1598 Et
207 1543 295 1608 decet,
312 1542 431 1596 obducta
448 1542 568 1596 solvatur
584 1542 675 1594 fronte
693 1545 827 1595 senectus.
955 1558 969 1597 a

186 1617 228 1670 Tu
244 1617 307 1672 viria
324 1618 461 1686 Torquato
479 1633 557 1670 move
574 1615 683 1669 consule
700 1632 796 1684 pressa
812 1633 881 1669 ureo.

152 1692 253 1746 Cetera
270 1687 349 1745 mitte
366 1691 456 1758 loqui:
475 1691 543 1744 deus
560 1691 628 1744 haee
645 1691 761 1744 fortasse
778 1691 898 1758 benigna

186 1765 311 1818 lteducet
328 1766 357 1818 ln
376 1766 469 1819 sedem
486 1765 552 1819 uice.
586 1764 613 1818 N
615 1782 667 1818 unc
684 1769 714 1819 et
732 1765 917 1819 AchaemenIo

152 1838 284 1892 Perfundi
302 1839 388 1892 nardo
403 1839 483 1906 jurat
501 1844 530 1893 et
547 1839 603 1893 fide
622 1840 750 1908 Cyllenen

150 1987 257 2041 Nobilis
274 1991 307 2041 ut
323 1988 420 2054 grandi
437 1987 536 2041 cecinit
554 1986 709 2041 Centaurus
726 1988 850 2043 alumno:

186 2061 300 2128 Invicta,
318 2062 440 2114 mortalis
457 2061 510 2114 dea
527 2064 593 2115 nate
610 2079 680 2130 puer
697 2063 821 2127 Thetide,

150 2135 188 2188 Te
205 2139 298 2189 manet
316 2135 441 2188 Assaraci
459 2135 548 2203 tellus,
567 2152 649 2203 quam
667 2136 767 2204 frigida
783 2135 860 2204 parvi

185 2209 309 2262 Findunt
327 2209 483 2263 Scamandri
500 2210 613 2265 flumina
630 2211 750 2266 lubricus
767 2216 797 2265 ct
815 2211 921 2280 Simois,

150 2283 231 2338 Unde
248 2282 300 2337 tibi
317 2284 391 2338 redit
379 2288 438 2339 turn
454 2288 529 2338 certo
546 2285 700 2340 subtemine
719 2286 819 2339 Parcae
939 2299 961 2340 ιε
1039 2301 1042 2308 ’

184 2359 302 2432 Rupere,
320 2374 369 2412 nec
386 2363 473 2412 mater
491 2359 599 2413 domum
619 2361 757 2414 caerulat
745 2360 907 2414 tereuehet

150 2427 213 2488 Illio
229 2449 309 2486 omna
326 2433 425 2486 malum
443 2434 506 2486 vino
523 2438 659 2502 cantuque
676 2435 772 2500 levato,

184 2507 321 2561 Deformis
339 2523 371 2559 ac
371 2507 519 2574 grimoniae
537 2508 660 2562 dulcibus
678 2508 808 2577 alloquiis

501 2645 579 2700 XIV.

216 2726 326 2783 Mennis
343 2726 441 2782 inertia
457 2743 506 2781 cur
523 2731 629 2782 tantam
646 2727 788 2782 diffuderit
805 2726 867 2782 imis

251 2801 422 2854 Oblivionem
440 2801 570 2867 sensibus,

217 2873 316 2927 Pocula
334 2875 467 2927 Lethaeos
484 2879 516 2926 ut
534 2877 556 2926 si
574 2875 702 2930 ducentia
719 2891 826 2931 somnos

251 2948 355 2998 Auente
371 2947 449 2998 inuce
465 2948 603 3013 traxerim,

216 3017 339 3070 Candide
357 3019 506 3086 Maecenas,
524 2987 624 3074 occidis
642 3039 723 3090 saepe
740 3025 877 3091 rogando·
940 3038 952 3080 t

251 3088 333 3154 Deus,
351 3090 419 3142 deus
436 3107 498 3143 nam
516 3107 560 3144 me
576 3098 653 3148 vetat

68 1929 81 1955 0
187 1913 290 1966 Leva're
307 1912 374 1966 diris
391 1918 501 1982 pectora
518 1913 760 1979 sollicitudinibus,
943 1928 966 1966 ro
1048 1907 1049 1923 ³
