2144 3420
341 158 594 209 EPISTULARUM
610 160 647 208 ΙΙ.
668 162 690 206 2.
756 163 758 168 “
888 160 933 206 19⁵

13 241 16 280 l
76 235 127 292 'l'u
145 253 192 292 me
208 237 283 291 inter
299 238 432 305 strepitus
449 242 594 292 nocturnos
611 242 694 306 atquo
712 238 823 292 diurnos
928 289 930 294 .

78 312 136 366 Vis
148 329 253 368 ,cauere
271 316 300 366 et
317 318 457 368 contrecta
474 314 552 382 sequi
570 314 684 381 vestigia
701 315 810 366 vatum?
910 325 936 365 se

79 388 234 456 Ingenium
252 387 304 440 sibi
323 388 397 456 quod
414 405 511 442 vacuos
529 389 680 456 desumpsit
699 387 829 453 Athenas,

23 464 29 476 '
79 461 121 516 Et
141 463 241 516 studiis
259 479 344 516 annos
361 466 466 532 septem
482 463 562 516 dedit
578 463 752 530 insenuitque

79 537 178 590 Libris
196 541 226 591 et
243 539 323 605 curis,
343 541 434 592 statua
451 539 614 592 taciturnius
630 537 689 590 exit

80 611 254 680 Plerumque
271 616 301 666 et
317 612 375 666 risu
392 613 522 682 populum
539 613 644 680 quatit;
660 612 705 665 hic
722 627 774 678 ego
791 627 882 664 rerum

80 685 230 740 Fluctibus
246 687 275 740 in
292 687 390 740 mediis
408 691 438 742 et
454 687 664 756 tempestatibus
681 687 757 740 urbis
911 699 935 738 se

79 759 181 815 Verba
197 762 278 829 lyrae·
288 766 396 816 motura
414 778 510 816 sonum
528 765 689 816 connectere
706 761 819 828 dignerl

81 834 188 890 Frater
205 840 265 890 erat
283 835 387 891 Romae
404 837 521 892 consulti
538 838 641 904 rhetor,
659 839 692 890 ut
710 836 781 890 alter

82 910 213 964 Alterius
230 927 354 966 sermone
372 928 462 966 meros
479 913 588 966 audiret
605 911 728 978 honores,

82 986 225 1040 Gracchus
242 990 275 1040 ut
291 987 336 1041 hio
352 985 400 1055 illi,
411 987 489 1064 'foret
505 987 568 1040 huic
584 990 617 1040 ut
635 985 743 1040 Mucius
760 985 812 1053 ille,

83 1061 139 1124 Qui
157 1061 247 1115 minus
263 1066 374 1133 argutos
391 1066 473 1116 vexat
490 1063 566 1115 furor
583 1062 636 1115 iste
650 1061 762 1129 poetas?
911 1075 935 1114 ee

88 1136 220 1190 Carmina
237 1150 374 1205 compono,
392 1137 437 1191 hic
454 1137 553 1205 elegos.
587 1135 732 1194 “Mirabile
743 1136 803 1190 risu

86 1210 285 1279 Caelatumque
302 1227 401 1274 novem
418 1212 505 1266 Musis
522 1211 622 1280 opus!”
659 1211 780 1280 Adspice
797 1211 922 1280 primum,

86 1284 196 1348 Quanto
212 1301 275 1352 eum
291 1286 371 1352 fastu,
390 1290 493 1354 quanto
510 1287 649 1340 molimine
667 1287 779 1340 circum·

86 1359 247 1426 Spectemus
264 1377 376 1415 vacuam
394 1360 523 1414 Romanis
540 1361 648 1416 vatibus
665 1362 776 1416 aedem!

85 1433 152 1505 Mox
170 1435 260 1503 etiam,
278 1435 302 1489 si
319 1436 390 1490 forte
408 1453 494 1504 vacas,
513 1453 628 1506 sequere
645 1439 676 1490 et
691 1435 784 1503 procul
801 1435 874 1503 sudi,
910 1449 934 1490 cs

86 1509 160 1572 Quid
176 1511 248 1565 ferat
265 1514 295 1565 et
313 1527 397 1580 quare
415 1511 467 1566 sibi
485 1515 578 1567 nectat
594 1515 711 1580 uterque
728 1525 861 1564 coronam.

86 1583 234 1638 Caedimus
251 1589 281 1640 et
297 1585 413 1640 totidem
430 1587 518 1655 plagis
535 1586 718 1644 consumimus
734 1585 840 1638 hostem

86 1658 175 1712 Lento
193 1659 329 1714 Samnites
347 1661 383 1715 ad
400 1661 503 1715 lumina
519 1661 724 1731 prima-duello.

86 1733 205 1788 Discedo
224 1735 342 1790 Alcaeus
359 1740 461 1806 puncto
478 1737 565 1802 illius;
581 1737 628 1790 ille
645 1751 706 1790 meo
725 1735 804 1804 quisi

87 1809 154 1874 Quis
170 1809 223 1864 nisi
241 1810 438 1866 Callimachus?
474 1811 503 1866 si
520 1812 582 1880 plus
599 1811 746 1880 adposcere
762 1811 841 1874 visus,
901 1825 934 1864 roo

12 1911 13 1954 }
87 1884 134 1942 llit
151 1885 329 1939 Mimnermus
347 1891 377 1941 et
394 1887 486 1956 optivo
503 1887 661 1954 cognomine
679 1885 784 1940 crescit.

12 1961 13 1984 ¹
87 1959 176 2015 Multa
191 1960 250 2014 fero
266 1964 298 2016 ut
315 1962 419 2030 placem
436 1979 523 2040 genus
540 1961 675 2015 irritabile
692 1964 794 2026 vatum,

87 2035 156 2088 (lum
173 2035 262 2090 scribo
279 2039 308 2090 et
326 2037 440 2105 supplex
456 2037 550 2106 populi
568 2037 695 2104 suffragia
712 2039 807 2104 capto;

12 2117 13 2124 ’
88 2110 174 2178 Idem,
193 2110 279 2164 finitis
297 2112 395 2165 studiis
412 2115 442 2165 ot
460 2115 553 2165 mente
570 2117 688 2180 recepte,

87 2185 221 2240 Obturem
239 2185 347 2255 patulas
364 2187 474 2254 impune
486 2187 644 2254 'legentibus
662 2202 750 2240 aures.
901 2201 934 2246 roc

12 2279 13 2324 3
88 2260 226 2315 Ridentur
242 2261 315 2314 mala
332 2261 379 2330 qui
397 2265 563 2330 componunt
581 2261 713 2325 carmina3
731 2275 826 2313 venun

87 2336 215 2390 Gaudent
227 2335 382 2399 ,scribentes
400 2340 429 2390 et
446 2353 476 2389 se
493 2339 663 2402 venerantur,
682 2339 711 2388 et
727 2333 807 2400 ultro,

12 2471 13 2486 χ
86 2412 114 2465 Si
132 2415 231 2476 taceas,
249 2411 362 2466 laudant
379 2411 514 2480 quidquid
531 2413 664 2479 scripsere
681 2407 765 2464 beati.

12 2527 13 2532 κ
86 2488 127 2540 At
144 2487 191 2556 qui
208 2487 469 2556 legitimumcupiet
486 2486 582 2540 iecisse
598 2491 695 2554 poema

86 2561 155 2617 (lum
172 2560 274 2616 tabulis
291 2561 411 2615 animum
429 2561 548 2616 censoris
568 2566 658 2616 sumet
674 2559 798 2624 honesti;
902 2573 934 2612 uo

86 2637 210 2693 Audebit
227 2653 403 2707 quaecunque
420 2655 517 2707 parum
535 2637 685 2706 ¹splendoris
702 2635 844 2690 habebunt

86 2712 123 2767 Et
140 2713 199 2766 sine
215 2713 337 2781 pondere
354 2717 435 2768 erunt
453 2713 601 2768 ethonore
619 2712 731 2779 indigua
748 2711 869 2763 ferentur

86 2786 180 2841 Verba
192 2802 305 2851 movere
323 2788 389 2854 loeo,
408 2787 531 2856 quamvis
548 2789 633 2841 invita
651 2786 780 2840 recedant

85 2861 122 2914 llt
139 2865 282 2916 versentur
300 2861 388 2915 adhuc
405 2863 479 2916 intra
495 2861 647 2931 penetralia
664 2862 775 2918 Vestae.

86 2935 238 2990 Obscurata
255 2937 304 2990 diu
321 2937 420 3004 populo
438 2937 526 2990 bonus
543 2941 623 2990 eruet
640 2940 737 3004 atque,
900 2948 934 2989 ne

85 3009 210 3083 Proferet
227 3011 255 3064 in
274 3011 362 3064 lucem
381 3012 502 3080 speciosa
519 3011 647 3066 vocabula
657 3026 763 3078 ¹rerum,

85 3084 160 3150 Quae
177 3086 275 3155 priscis
293 3090 443 3140 memorata
461 3085 609 3142 Catonibus
626 3089 710 3154 atque
729 3083 858 3152 Cethegis

84 3157 109 3214 N
111 3176 162 3216 uno
181 3161 251 3215 situs
268 3161 391 3214 informis
408 3162 510 3231 premit
526 3165 555 3214 et
573 3160 683 3216 deserte
699 3162 838 3222 vetustam

115 3221 145 3286 1t
