2126 3410
342 141 487 214 ΕΡΟΒΟῌ
503 144 619 206 LIBER,
638 147 662 198 9.
894 149 929 200 93

185 218 246 276 Nee
265 219 302 276 sit
319 222 425 291 marite,
444 240 514 293 quae
533 224 736 279 rotundioribus

221 295 328 349 Onusta
345 296 434 350 baeeis
452 298 580 353 ambulet.

186 368 267 436 Quid,
286 370 360 438 quod
376 371 462 425 libelli
480 373 564 426 Stoici
582 374 656 427 inter
673 374 773 429 serieos
906 392 928 434 tt

217 443 317 498 «Iacere
335 445 459 513 pulvillos
478 451 588 503 amant:

185 515 314 572 Illitereti
331 536 398 573 uum
415 522 504 574 miuus
522 523 599 575 nervi
618 523 713 590 rigent,

219 593 344 648 Minusve
362 594 473 663 languet
490 597 641 650 fascinum?

185 665 265 730 Quod
284 671 317 721 ut
334 669 452 738 superbo
471 686 600 738 provoces
620 671 655 725 ab
673 671 790 740 inguine,

210 739 266 794 Ore
283 742 486 798 allaboraudum
505 750 549 800 est
568 745 627 799 tibi.
905 765 927 805 re

479 887 532 944 IX.

183 966 302 1033 Qnrrno
317 972 458 1038 repostum
477 969 632 1023 Caecubum
650 968 788 1023 adrestas
807 968 892 1038 dapes

216 1041 328 1097 Victore
346 1043 435 1098 laetus
454 1044 571 1098 Caesare

182 1115 282 1172 renim
300 1117 351 1172 sub
371 1119 500 1173 alta-sio
520 1119 584 1172 Jovi
603 1119 833 1187 gratum-domo,

215 1191 301 1246 Beate
321 1193 472 1260 Maecenas,
491 1193 584 1246 bibam

87 1312 91 1317 .
180 1265 299 1320 Sonante
317 1267 433 1321 mixtum
446 1269 524 1322 tibiis
542 1285 650 1323 narnien
669 1269 743 1338 lyroe
913 1284 928 1326 e

215 1340 276 1394 Hae
294 1341 415 1410 Dorium,
433 1343 486 1396 illis
502 1343 664 1398 barbaruml

180 1413 222 1468 Ut
239 1432 333 1484 nuper,
353 1421 430 1470 aetus
451 1435 513 1471 oum
531 1420 603 1472 freto
622 1419 777 1486 Neptunius

214 1489 278 1542 Dux
295 1491 368 1558 fugit
386 1492 456 1546 ustis
473 1493 595 1560 navibus

159 1625 162 1632 ⁴
179 1562 302 1619 Minatus
321 1565 391 1620 Urbi
409 1567 503 1634 vincla,
522 1585 592 1636 quae
611 1568 767 1621 detraxerat
929 1605 938 1622 .

214 1639 306 1693 Servis
323 1641 424 1695 anricus
443 1642 563 1709 perfidis,
905 1658 926 1696 ro

179 1712 437 1782 Romanus—eheu,
457 1717 561 1784 posteri
579 1717 747 1785 negabitis-

213 1788 405 1858 Emancipatus
423 1791 541 1844 feminae

178 1861 247 1934 Fert
266 1865 366 1918 vallum
386 1869 416 1919 et
434 1881 510 1919 erma
528 1866 606 1920 miles
627 1869 658 1922 et
678 1863 844 1934 spadonibus

213 1938 321 1993 Servire
339 1939 446 2007 rugosis
465 1944 564 2010 potest,

86 2057 91 2066 .
177 2009 311 2082 Interque
331 2015 408 2082 signa
426 2019 507 2084 turpe
526 2015 654 2071 militaria
903 2031 925 2071 rs

212 2087 258 2140 Sol
276 2088 393 2156 adspicit
412 2091 563 2159 conopium.

176 2161 220 2214 At
237 2162 290 2216 huc
308 2163 456 2217 frementes
474 2169 616 2220 vertenrnt
634 2165 677 2220 bis
697 2165 772 2220 mille
793 2179 877 2234 equos

211 2235 290 2304 Galli,
308 2242 436 2292 canentes
456 2239 607 2307 Gaesarem,

177 2308 381 2381 Hostiliumque
398 2313 507 2368 aarum
526 2320 608 2383 portu
626 2315 715 2370 latent

212 2385 321 2454 Puppes
341 2387 525 2442 sinistrorsum
546 2391 622 2444 citae.
900 2403 923 2442 2⁰

175 2457 210 2512 Io
230 2459 383 2531 Triumpho,
401 2466 434 2516 tu
451 2466 565 2518 moreris
584 2481 681 2519 eureos

211 2534 313 2589 Currus
334 2541 363 2591 et
382 2537 498 2593 intactas
518 2539 619 2595 boves?

176 2607 209 2662 Io
228 2609 382 2680 Triumphe,
402 2629 453 2667 nee
471 2615 638 2682 Jugmthino
655 2632 749 2685 parem

209 2683 287 2738 Bello
305 2688 452 2756 reportasti
472 2689 577 2757 ducem,

174 2755 273 2826 Neque
294 2761 462 2832 Africanum,
482 2765 526 2816 eui
545 2781 626 2832 super
646 2765 843 2834 Karthaginem
898 2785 921 2824 as

208 2832 306 2888 Virtus
324 2838 477 2904 sepulerum
496 2839 625 2892 condidit.

173 2904 259 2962 'ferra
277 2912 399 2980 marique
417 2913 505 2966 vietus
525 2913 611 2968 hostis
629 2915 727 2982 punico

170 2987 183 3038 .'
207 2981 337 3050 Lugubre
358 2988 474 3040 mutavit
492 3004 593 3055 sagum.

175 3055 234 3110 nne
252 3058 299 3111 ille
318 3065 428 3113 eentum
447 3061 565 3113 nobilem
585 3059 694 3114 Cretam
712 3063 827 3118 urbibus

207 3129 304 3186 Ventis
321 3133 410 3188 iturus
427 3150 481 3188 uon
498 3135 561 3200 suis,
895 3155 918 3193 en
