2144 3420
401 162 615 216 SATIRARUM
632 166 671 214 Π.
689 165 711 217 7.
898 165 948 212 ,155
972 171 974 174 ’

98 239 171 294 Cum
188 243 218 296 te
235 239 365 296 fonnidet
378 243 481 300 mulier¹
493 260 583 313 neque
603 244 697 300 credat
713 245 821 312 amanti,
925 258 949 297 os

97 315 161 368 Ibis
178 315 230 368 sub
245 315 350 370 furcam
367 317 488 385 prudens
504 319 667 387 dominoque
684 317 787 373 lurenti

97 390 262 446 committes
274 408 333 454 rem
344 409 452 448 omnem
466 397 496 448 et
504 394 589 448 vitam
602 398 704 448 etcum
717 411 828 462 corpore
840 394 946 447 famam.

96 464 202 534 Errasti,
220 466 303 520 credo
322 470 429 523 metues
447 468 601 538 doctusque
622 469 742 523 cavebis:

96 540 222 604 Quaeres
239 542 349 610 quaudo
367 543 469 596 iterum
487 560 588 611 paveas
605 544 759 612 iterumque
777 544 867 611 perire

95 605 199 682 Possis,
217 633 234 669 ο
250 617 334 671 toties
351 622 460 672 servus!
481 619 557 682 Quae
574 619 665 672 bellua
681 619 777 687 ruptis,
923 634 947 674 πο

96 691 169 744 Cum
186 692 271 745 semel
289 692 391 760 effugit,
409 693 503 748 reddit
523 711 552 747 se
570 711 653 762 praua
668 695 789 748 catenisl
899 737 901 742 .

96 765 161 818 Non
173 782 234 820 sum
242 767 380 835 moechus,
391 768 439 822 ais.
475 769 572 837 Neque
584 785 635 837 ego
646 769 755 823 hercule
766 768 812 821 fur
823 767 870 821 ubi
882 785 946 822 vasa

96 839 246 895 Praetereo
265 843 371 910 sapiens
389 846 533 911 argentea:
552 843 618 898 tolle
635 844 773 913 periclum,

94 915 115 968 J
117 931 162 968 am
180 931 249 983 vaga
266 917 389 985 prosiliet
405 917 489 970 irenis
506 922 604 1000 natura
621 919 740 974 remotis.

95 989 173 1043 Nune
191 991 259 1044 mihi
277 991 409 1058 dominus,
427 1009 519 1046 rerum
537 993 657 1062 imperiis
675 993 867 1063 hominumque
921 1007 945 1048 75

94 1063 150 1118 'l'ot
166 1066 306 1134 tantisque
323 1067 419 1134 minor,
438 1085 520 1136 quem
538 1071 582 1121 ter
599 1068 720 1122 vindicta
735 1073 887 1137 quaterque

95 1139 230 1208 Imposita
249 1139 322 1193 haud
339 1158 459 1209 unquam
476 1143 576 1196 misera
593 1143 738 1196 formidine
755 1143 862 1212 privetl

94 1213 180 1268 Adde
197 1231 280 1282 super
297 1215 378 1269 dictis
396 1216 471 1284 quod
486 1233 540 1270 non
556 1217 643 1272 levius
660 1219 764 1272 valeat:
782 1235 844 1270 nam

45 1313 48 1320 ·
94 1289 160 1342 Sive
178 1290 294 1344 vicarius
312 1294 355 1344 est
376 1291 424 1359 qui
442 1308 519 1346 servo
537 1297 624 1360 paret,
642 1294 684 1347 uti
701 1310 759 1346 mos
789 1331 791 1338 .
884 1305 916 1336 -··

93 1363 198 1418 Vester
209 1365 256 1431 ait,
269 1381 318 1418 seu
329 1381 489 1432 conservus3
506 1365 558 1420 tihi
570 1366 637 1434 quid
649 1383 707 1419 sum
721 1369 788 1434 egoi
819 1367 925 1434 Nempe

94 1437 138 1492 Tu
154 1439 220 1492 mihi
239 1440 286 1507 qui
304 1440 445 1508 imperitas
463 1440 509 1494 alii
528 1442 614 1494 servis
631 1442 714 1495 miser
734 1445 817 1508 atque
919 1455 941 1494 er

93 1513 211 1568 Duceris
229 1518 261 1568 ut
278 1515 368 1569 nervis
386 1515 482 1568 alienis
500 1515 599 1569 mobile
616 1516 726 1583 lignum.

93 1589 328 1657 Quisnam'igitur
346 1589 435 1643 libert
471 1590 584 1658 Sapiens
603 1590 655 1643 sibi
673 1591 719 1659 qui
737 1590 913 1658 imperiosus·

93 1665 183 1728 Quom
191 1681 280 1732 neque
287 1665 431 1733 pauperies
440 1681 529 1733 neque
537 1681 610 1718 mors
619 1681 708 1734 neque
716 1664 822 1718 vincula
829 1668 941 1730 terrent,

93 1737 267 1806 Responsura
284 1739 463 1808 cupidinibus,
482 1744 655 1794 contemnere
673 1740 787 1793 honores
918 1753 942 1792 ss

93 1813 194 1882 Fortis,
212 1814 287 1868 etin
305 1831 334 1867 se
350 1815 410 1882 ipso
427 1818 509 1881 totus,
528 1819 608 1882 teres,
627 1819 710 1882 atque
726 1812 866 1880 rotundus,

93 1887 211 1942 Externi
229 1905 263 1943 ne
281 1889 348 1958 quid
365 1889 455 1942 valeat
472 1905 522 1955 per
539 1889 599 1942 leve
616 1889 723 1954 morari,

93 1963 129 2015 In
147 1979 229 2030 quem
246 1979 341 2017 manca
358 1964 415 2016 ruit
432 1980 540 2032 semper
557 1965 672 2017 fortuna.
708 1963 824 2016 Potesne

8 2071 11 2082 ·
93 2037 137 2090 Ex
154 2038 197 2091 his
214 2041 247 2091 ut
263 2039 403 2107 proprium
421 2039 488 2106 quid
505 2040 635 2092 nosceret
672 2038 797 2106 Quinque
814 2038 918 2092 talenta

93 2111 186 2166 Poscit
203 2116 232 2166 te
249 2113 353 2180 mulier,
371 2116 454 2166 vexat
471 2113 627 2181 laribusque
644 2112 783 2180 repulsum
918 2129 942 2166 eo

93 2185 240 2241 Perfindit
257 2187 355 2256 gelida,
374 2204 468 2240 rursus
486 2191 580 2252 vocat;
598 2186 673 2255 eripe
689 2184 786 2254 turpi¹
862 2223 865 2228 ·
900 2227 903 2232 Δ

93 2261 170 2315 Colla
182 2261 265 2330 jugo;
284 2262 374 2331 Liber,
392 2261 462 2315 liber
480 2279 547 2329 sum,
566 2261 610 2314 dic
627 2278 685 2328 age.
719 2262 744 2314 N
747 2278 781 2314 on
799 2262 874 2329 quis;

92 2336 185 2404 Urget
203 2339 275 2390 enim
293 2337 419 2391 dominus
437 2340 557 2390 mentem
574 2351 627 2388 uon
645 2336 713 2389 lenis
730 2340 760 2389 et
777 2329 860 2390 acres'

92 2411 236 2479 Subjeetat
253 2412 323 2464 lasso
345 2411 469 2478 stimulos
487 2413 633 2478 versatque
651 2413 802 2476 negantem.

74 2485 145 2538 .Vel
164 2501 225 2539 cum
244 2485 374 2539 Pausiaca
391 2490 490 2554 torpes,
509 2486 609 2551 insane,
628 2484 735 2550 tabella,
919 2500 942 2538 ss
1011 2503 1013 2510 ‘

92 2553 259 2630 Quipcccas
277 2561 366 2614 nninus
384 2565 467 2628 atque
485 2576 543 2627 ego,
561 2564 622 2613 cuin
641 2559 719 2612 Fulvi
737 2557 918 2626 Rutubaeque

90 2638 152 2690 Aut
171 2635 326 2689 Pacideiani
344 2639 471 2689 contento
490 2635 594 2703 poplite
611 2633 695 2686 miror

90 2710 200 2774 Proelia
217 2710 326 2763 rubrica
343 2711 418 2779 picta
436 2713 484 2763 aut
501 2709 624 2776 carbone,
642 2707 717 2762 velut
734 2708 757 2761 si

91 2785 134 2839 Re
151 2803 216 2840 sera
233 2791 362 2853 pugnent,
381 2785 488 2852 feriant,
507 2786 649 2851 vitentque
666 2785 807 2836 moventes
834 2817 839 2830 ·
897 2840 901 2846 ,

92 2863 180 2914 Arma
196 2860 266 2914 viril
303 2861 429 2928 Nequam
448 2864 477 2913 et
495 2863 613 2912 cessator
631 2859 738 2922 Daurs;
755 2861 785 2910 at
802 2857 861 2924 ipse
908 2871 941 2932 roe

91 2935 205 2990 Subtilis
222 2939 348 2988 veterum
361 2934 450 3001 judex
468 2938 497 2986 et
514 2933 627 2986 callidus
645 2932 731 2985 audis

92 3009 139 3064 Nil
155 3026 207 3078 ego
215 3009 249 3062 'si
268 3009 353 3062 ducor
370 3009 425 3060 libo
442 3008 576 3060 fumante:
594 3006 645 3059 tibi
663 3007 757 3073 ingens

92 3083 189 3138 Virtus
206 3086 290 3152 atque
307 3083 412 3136 animus
430 3082 521 3134 coenis
538 3083 680 3148 responsat
698 3079 794 3147 opimis

93 3158 261 3227 Obsequium
277 3157 381 3212 ventris
398 3155 464 3208 mihi
481 3154 656 3223 perniciosius
674 3157 717 3208 est
734 3155 801 3208 carl

135 3231 162 3278 lb
