2126 3410
297 157 502 209 onuMINUM
519 157 570 207 IV.
590 161 627 217 10,
642 159 681 211 ll.
896 158 929 213 lt

88 278 95 291 .
178 238 308 296 Paullmn
327 237 451 306 sepultae
469 236 556 292 distet
572 237 688 294 inertiae

5 327 7 334 ’
180 317 277 370 Celata
293 315 389 367 virtus.
424 313 488 368 Non
505 329 556 381 ego
572 317 603 368 te
619 315 688 368 meis
900 336 923 374 ω

216 389 325 444 chartis
342 389 497 442 inornatum
515 388 608 455 silebo,

249 465 336 518 'lotve
353 467 416 518 tuos
433 464 523 532 patiar·
539 463 648 518 labores

181 540 306 607 Impune,
325 537 404 604 Lolli,
421 554 534 607 carpere
550 539 649 592 lividas

181 615 346 669 Obliviones.
381 614 433 667 Est
449 614 556 666 animus
573 613 625 666 tibi
828 659 834 668 .

217 682 376 758 Rerumque
393 688 515 756 prudeus
532 691 563 742 et
580 687 706 742 secundis
903 704 925 741 a·

251 763 430 832 Temporibus
447 763 593 831 dubiisque
609 766 709 829 rectus,

183 839 293 893 Vindex
310 855 408 892 avarae
422 837 538 905 fraudis,
556 842 587 892 et
603 837 741 894 abstinens

120 935 124 941 ·
182 915 317 970 Ducentis
334 914 371 968 ad
388 929 418 967 se
435 916 533 967 cuncta
549 913 687 982 pecuniae,

218 989 372 1058 consulque
388 1005 443 1042 uon
459 988 541 1041 nnius
557 989 621 1046 anni
874 1009 877 1016 ·

252 1065 308 1119 Sed
325 1065 431 1133 quoties
448 1064 535 1118 bonus
551 1068 635 1133 atque
652 1063 725 1118 fidus
903 1090 926 1130 to
1014 1088 1017 1094 ¹

182 1139 277 1194 Judex
294 1139 438 1193 honestum
454 1139 587 1208 praetulit
603 1138 688 1212 utili,
803 1177 806 1184 «

183 1213 294 1282 Rejeeit
310 1215 367 1268 alto
384 1214 456 1268 dona
472 1214 627 1268 nocentium

218 1289 313 1357 Vultu,
331 1306 381 1358 per
398 1289 539 1344 obstantes
556 1293 680 1344 catervas

153 1395 158 1402 ·
251 1365 390 1432 Explicuit
407 1381 456 1418 sne
472 1365 560 1418 victor·
575 1381 658 1418 arms.

183 1439 246 1494 Non
263 1440 448 1509 possidentem
464 1439 552 1493 multu
568 1440 706 1495 vocaveris
900 1446 924 1486 ⁴⁵

184 1514 272 1570 Recte
290 1515 417 1570 beatum:
435 1515 538 1568 rectius
555 1520 669 1583 occupat

218 1590 245 1645 N
246 1606 325 1644 omen
343 1589 418 1644 beuti
435 1591 483 1658 qui
501 1589 615 1642 deorum
630 1595 637 1606 ⁶

253 1663 414 1718 Muneribus
432 1664 571 1732 supienter
587 1664 630 1716 uti

111 1793 121 1808 ‚
184 1738 343 1808 Duremque
359 1738 441 1792 callet
457 1739 614 1806 pauperiem
632 1740 697 1808 poti,

185 1813 322 1883 Pejusque
339 1813 396 1868 leto‘
413 1813 546 1882 flagitium
563 1815 653 1882 timet,

218 1889 245 1943 N
247 1905 281 1942 on
298 1888 345 1942 ille
361 1903 413 1957 pro
429 1889 500 1942 caris
516 1889 609 1942 amicis
685 1905 687 1911 ·

253 1964 314 2018 Aut
329 1963 420 2032 patria
436 1963 550 2018 timidus
567 1962 663 2032 perire.

487 2105 522 2160 X.

116 2191 143 2244 0
160 2201 295 2242 crunnum
312 2187 402 2242 adhuc
419 2187 583 2244 et.Veneris
599 2187 757 2242 muner-ibus
773 2191 879 2256 potens,

41 2323 47 2334 ¹
115 2263 261 2330 Insperata
278 2266 343 2316 tuae
361 2278 422 2316 cum
440 2263 531 2316 veniet
547 2263 640 2330 pluma
657 2262 806 2330 superbiae,

116 2338 156 2390 lit
172 2353 242 2405 quae
258 2353 330 2391 nunc
347 2337 467 2390 humeris
484 2335 627 2390 involitant
644 2336 796 2390 deciderint
813 2355 913 2405 comae,

114 2412 142 2466 N
144 2427 197 2464 unc
215 2416 244 2466 et
261 2412 308 2480 qui
326 2411 399 2465 color
416 2415 459 2466 est
476 2411 607 2480 puniceae
623 2411 690 2465 flore
707 2413 782 2480 prior
797 2429 876 2466 rosae

114 2486 242 2541 Mutatus
252 2487 421 2554 Ligurinum
437 2487 467 2539 in
484 2486 580 2540 faciem
597 2487 711 2541 verterit
728 2486 869 2555 hispidum,
912 2503 926 2544 t

114 2561 201 2616 Dices
217 2561 273 2614 heu
290 2561 415 2634 quotiens
432 2564 462 2614 te
480 2560 588 2628 speculo
605 2561 707 2615 videris
724 2561 856 2616 alterurn:

115 2635 216 2699 “Quae
231 2651 309 2689 mens
327 2639 370 2689 est
386 2635 474 2704 hodie,
492 2651 541 2688 cur
557 2635 652 2688 eadem
668 2651 723 2688 non
740 2651 824 2704 puero
840 2635 914 2692 fuitl

113 2709 171 2766 Ver
187 2726 237 2765 cur
253 2710 296 2764 his
309 2711 407 2764 animis
419 2710 566 2764 incolumes
583 2726 637 2763 non
653 2709 770 2786 redeunt
782 2711 905 2776 genael”

478 2851 530 2906 XI.

221 2932 276 2988 Iler
293 2932 359 2986 mihi
376 2949 477 2986 nonum
495 2931 648 3002 superantis
664 2947 765 2986 annum

222 3008 323 3062 Plenus
342 3007 559 3072 Albani.cudus;
576 3011 620 3060 est
635 3006 665 3060 in
682 3005 766 3074 horto,

221 3081 317 3150 Phylli,
333 3081 475 3134 nectendis
492 3081 583 3149 apium
600 3078 704 3134 coronis
712 3096 722 3142 5

255 3156 308 3210 Est
323 3155 441 3211 hederae
458 3153 499 3208 ris
