2144 3420
350 140 605 191 EPISTOLARUM
622 142 660 192 Π.
681 141 702 193 l.
904 141 947 190 191

94 219 167 276 Mox
185 221 313 276 trahitur⁴
323 220 450 274 manibus
467 237 562 289 regum
579 222 688 275 fortuna
705 223 823 291 retortis,

95 297 207 351 Esseda
223 297 362 364 festinant,
380 297 493 366 pilenta,
510 297 651 365 petorrita,
668 313 758 365 nares,

96 373 247 441 Captivum
264 375 392 442 portatur
409 371 485 440 ebur,
503 372 611 439 captiva
629 372 784 429 Corinthus.

96 448 129 506 Si
148 449 222 502 foret
238 448 268 500 in
286 449 368 502 terris
385 445 491 502 rideret
509 447 689 514 Democritus,
707 463 756 500 seu

97 523 248 578 Diversum
266 524 377 578 conium
393 539 479 592 genus
495 523 631 591 panthera
648 523 758 591 camelo,
919 535 952 576 rot

97 599 165 655 Sive
183 599 294 668 elephas
311 599 390 653 albus
407 598 481 666 vulgi
499 601 671 652 converteret
688 614 750 664 ora;

97 675 248 743 Specteret
264 675 393 744 populum
410 673 483 727 ludis
500 673 632 727 attentius
648 674 722 742 ipsis,

97 750 141 804 Ut
160 750 213 804 sibi
229 749 408 818 praebentem
425 749 507 802 mimo
525 749 679 817 spectanda
695 749 789 817 plura;

98 826 254 894 Scriptores
271 828 363 878 eutem
380 841 492 878 narrare
509 827 621 894 putaret
637 824 721 878 asello

58 955 66 969 Ι
98 900 248 966 Fabellam,
261 901 351 954 surdo.
387 899 413 952 N
415 916 458 952 am
477 916 547 968 quae
565 900 722 969 pervincere
740 915 820 954 voees
918 913 953 952 aa

98 976 236 1030 Evaluere
254 991 349 1029 sonum
367 975 490 1028 referunt
509 991 590 1043 quem
608 979 700 1028 nostra
716 975 841 1028 theatral

99 1050 259 1119 Garganum
276 1050 382 1118 mugire
400 1054 480 1118 putes
498 1066 594 1104 nemus
611 1055 660 1104 aut
676 1067 751 1104 mare
768 1051 893 1118 Tuscum,

99 1127 189 1180 Tanto
206 1142 268 1180 cum
287 1126 404 1194 strepitu
422 1124 480 1177 ludi
498 1127 656 1192 spectantur
674 1130 704 1179 et
720 1129 794 1179 artes

99 1201 277 1270 Divitiaeque
294 1201 461 1271 peregrinae,
480 1199 580 1268 quibus
598 1200 698 1254 oblitum
715 1205 792 1256 actor

99 1276 172 1330 (lum
190 1277 270 1331 stetit
287 1276 315 1329 in
334 1291 414 1330 scena
431 1275 568 1328 concurrit
586 1275 701 1330 dextera
718 1277 819 1332 laevae.
915 1287 951 1332 tot

99 1353 181 1408 Dixit
198 1353 287 1407 adhuc
305 1350 426 1420 aliquidl
463 1351 509 1404 Nil
528 1367 599 1406 sane.
635 1351 707 1416 Quid
723 1352 814 1421 placet
831 1353 913 1420 ergol

100 1427 179 1482 Lana
196 1426 343 1482 Tarentino
360 1426 445 1480 violas
462 1425 571 1480 imitata
587 1443 699 1480 veneno.

102 1506 147 1558 Ac
164 1520 200 1557 ne
216 1503 288 1556 forte
306 1505 387 1570 putee
404 1518 449 1556 me
467 1518 538 1570 quae
554 1502 644 1556 faeere
660 1502 719 1569 ipse
736 1517 858 1556 recusem

103 1580 174 1633 Cum
190 1581 267 1631 recte
285 1579 406 1630 tractent
423 1577 469 1631 alii
486 1577 599 1631 laudare
616 1577 745 1644 maligne:

103 1654 156 1708 Ille
173 1669 224 1720 per
242 1655 385 1707 extentum
402 1652 495 1706 funem
513 1651 579 1705 mihi
597 1668 676 1720 posse
694 1652 804 1706 videtur
920 1669 956 1708 aro

104 1729 150 1784 Ire
167 1731 257 1798 poeto,
275 1745 366 1782 meum
384 1727 431 1797 qui
449 1731 545 1796 pectus
562 1727 680 1781 inaniter
697 1729 780 1796 angIt,

103 1805 209 1870 irritat,
227 1803 336 1872 mulcet,
354 1803 429 1856 falsis
447 1802 598 1857 terroribus
614 1803 718 1872 implet,

103 1880 144 1935 Ut
161 1895 265 1948 magus,
285 1883 314 1933 et
332 1877 413 1932 modo
431 1895 475 1932 me
493 1877 602 1945 Thebis,
620 1879 701 1932 modo
719 1879 796 1948 ponit
816 1875 945 1936 Athenis:

103 1955 210 2008 Verum
227 1971 278 2023 age
296 1953 385 2008 ethis
403 1954 450 2023 qui
468 1969 498 2007 se
514 1953 609 2006 lectori
625 1956 740 2009 credere
758 1955 864 2010 malunt

105 2031 193 2096 Quem
210 2029 372 2102 spectatoris
388 2028 499 2084 fastidia
515 2028 589 2083 ferre
607 2031 716 2100 superbi
917 2045 954 2086 are

105 2107 205 2161 Curam
223 2105 311 2159 redde
327 2105 448 2173 brevem,
466 2105 489 2158 si
507 2121 605 2159 munus
624 2107 751 2174 Apolline
768 2107 881 2176 dignum

104 2180 156 2235 Vis
173 2181 309 2250 complere
326 2179 405 2232 libris
423 2183 453 2233 et
470 2180 578 2234 vatibus
596 2181 699 2234 addere
717 2182 811 2251 calcar,
887 2217 892 2224 ·

105 2256 146 2311 Ut
164 2256 256 2310 studio
273 2256 378 2324 majore
394 2258 491 2322 petent
509 2255 642 2310 Helicona
659 2257 810 2312 virentem·

106 2332 196 2388 Multa
213 2331 324 2400 quidem
342 2329 421 2383 nobis
437 2330 550 2384 fecimus
567 2331 639 2384 mela
656 2348 738 2400 saepe
756 2336 861 2402 politae,

107 2407 157 2476 (Ut
173 2407 265 2461 vineta
283 2409 392 2474 egomet
410 2405 522 2458 caedam
539 2407 617 2472 mea)
636 2423 696 2460 cum
715 2407 765 2460 tibi
782 2408 882 2463 librum
921 2425 956 2465 rao

107 2483 228 2537 Sollicito
246 2482 343 2535 damus
360 2485 409 2534 aut
426 2481 512 2545 lesam
529 2497 591 2535 cum
608 2481 742 2536 laedimur
758 2499 842 2536 unum
947 2479 954 2493 ¹

107 2558 136 2612 Si
154 2557 216 2627 quis
233 2557 380 2610 amicorum
399 2560 441 2609 est
458 2572 540 2610 ausus
556 2555 757 2624 reprehendere
772 2575 897 2624 ,versum3

108 2633 177 2688 Cum
193 2633 253 2686 loca
265 2631 324 2700 jam
343 2632 459 2686 recitata
475 2631 637 2685 revolvimus
653 2632 810 2700 irrevocati3

108 2708 176 2764 (lum
193 2708 375 2761 lamentamur
392 2723 446 2760 non
464 2723 594 2778 apparere
612 2706 718 2761 labores
794 2701 797 2711 Δ
831 2705 836 2712 ’

107 2783 224 2837 Nostros
241 2786 271 2835 et
288 2782 366 2835 tenid
384 2781 503 2835 deducta
520 2785 646 2850 poemata
663 2783 722 2850 lilo;
920 2805 955 2846 ηε

107 2858 176 2913 (lum
194 2872 336 2926 speramns
354 2873 462 2910 eorem
480 2859 622 2910 venturam
640 2861 672 2912 ut
690 2859 769 2913 simul
787 2862 870 2929 atquo

107 2932 234 2988 Carmina
253 2932 376 2986 rescieris
393 2948 443 2984 nos
460 2932 564 2999 fingere
582 2933 738 2987 commodus
751 2935 828 2990 'ultro

107 3009 246 3075 Arcessas,
267 3011 296 3061 et
313 3023 394 3074 egere
412 3011 496 3073 vetes,
514 3010 543 3059 et
558 3007 678 3060 scribere
696 3025 783 3076 cogas.

107 3085 161 3140 Sed
178 3081 272 3136 tamen
292 3088 335 3135 eet
353 3082 587 3150 operaepretium
605 3097 773 3150 cognoscere,
792 3086 886 3155 quales

110 3157 243 3217 aedituos'
259 3157 360 3212 habeat
377 3155 441 3210 belli
459 3159 582 3226 spectata
599 3156 726 3229 domique
918 3187 950 3228 ῃ,
