2126 3410
15 97 20 238 l
359 131 573 182 snrrnnnom
590 133 612 181 1.
631 133 653 181 r.
881 129 927 176 ns

15 247 20 266 ,
88 203 161 260 Hunc
179 207 252 275 capit
269 209 375 276 argenti
394 211 535 277 splendor;
553 215 646 280 stupet
666 207 764 264 Albius
781 225 862 275 aerei
921 253 924 258 .

43 297 47 305 ·
87 281 136 334 Hic
152 287 241 336 mutat
259 300 362 336 merces
381 289 510 352 surgente
528 303 545 338 a
562 285 618 339 sole
635 286 672 338 ad
689 303 752 339 eum
770 301 824 354 quo

86 355 247 425 vespertina
264 361 342 426 tepet
359 359 442 426 regio,
460 362 525 428 quin
543 377 593 427 per·
610 361 681 414 mala
698 375 829 429 praeceps
904 373 928 414 ac

86 431 181 485 Fertur
198 433 240 486 uti
258 433 346 501 pulvis
363 431 491 488 collectus
509 435 625 503 turbine,
643 453 678 488 ne
696 435 763 503 quid

15 519 16 532 ²
87 507 193 560 Summa
210 508 344 576 deperdat
361 513 486 562 metuens
504 514 552 563 aut
569 511 681 579 anrpliet
698 513 729 563 ut
746 525 812 563 rem.

88 581 185 636 Omnes
203 583 231 635 hi
248 587 375 638 metuunt
392 601 494 652 versus,
511 585 595 639 odere
612 585 712 653 politas.

15 687 17 746 ι
88 657 227 710 “Foenum
239 657 324 712 habet
335 659 362 712 in
375 676 473 725 eoruu;
490 660 568 727 longe
580 661 657 728 fuge:
676 657 823 713 dnmmodo
835 658 919 712 risum
1027 709 1030 723 ‚

86 732 211 787 Excutiat
229 734 279 786 sibi
298 751 352 788 non
370 734 413 789 hic
430 736 554 804 cuiquam
572 739 667 804 parcet
685 736 786 800 arnico3
903 747 927 788 rt

88 807 122 860 lit
138 809 211 876 quod
228 826 335 878 cunque
353 811 438 864 semel
455 811 557 864 chartis
574 811 690 864 illeverit
708 826 801 864 omnes

88 881 191 937 Gestiet
208 901 225 937 a
242 885 321 938 furno
338 885 486 938 redeuntes
503 886 571 939 scire
589 886 704 954 lacuque

87 957 122 1011 Et
138 975 236 1027 pueros
254 963 283 1012 et
299 961 389 1014 anus.”
427 961 563 1028 Agedum,
580 977 667 1028 pauca
684 961 774 1028 accipe
791 964 891 1014 contra.

15 1033 19 1142 Ι
88 1031 206 1086 Primum
224 1050 274 1101 ego
291 1051 335 1088 me
352 1027 459 1088 illorum
477 1036 601 1089 dederim
619 1035 717 1104 quibus
735 1052 795 1089 esse
813 1035 901 1104 poetis

87 1108 234 1176 Excerpam
252 1127 378 1164 numero:
394 1127 482 1179 neque
500 1111 572 1164 enim
589 1111 749 1184 concludere
767 1127 874 1162 versum
902 1113 944 1164 ω’

15 1145 18 1240 i
86 1183 192 1255 Dixeris
210 1201 269 1240 esse
287 1185 371 1250 satis;
387 1202 475 1254 neque
494 1186 516 1238 si
534 1186 581 1254 qui
599 1186 700 1250 scribat
716 1185 757 1238 uti
774 1202 823 1239 nos

86 1259 207 1312 Sermoni
224 1261 362 1328 propiora:
380 1265 460 1328 putes
478 1261 549 1326 huno
566 1277 626 1314 esse
643 1264 758 1329 poetam.

86 1334 227 1401 Ingenium
244 1335 287 1388 cui
306 1335 349 1401 sit,
368 1335 410 1388 cui
428 1351 505 1388 meus
523 1335 640 1388 divinior
656 1340 739 1402 atque
758 1351 788 1388 os

15 1305 19 1546 Ι
85 1409 183 1477 Magna
200 1414 364 1477 conaturum,
383 1410 432 1463 des
449 1411 564 1464 nominis
581 1410 663 1478 hujus
679 1401 816 1464 hoborem.

85 1485 189 1538 Idcirco
207 1485 317 1556 quidam
335 1485 474 1540 comoedia
490 1502 575 1538 necne
591 1490 688 1552 poema
902 1497 926 1538 ss

84 1561 163 1614 Esset
181 1561 348 1628 quaesivere,
366 1560 439 1628 quod
456 1577 518 1614 acer
536 1561 647 1628 spiritus
664 1576 695 1612 ac
712 1559 756 1612 vis

84 1636 140 1690 Nec
156 1635 248 1689 verbis
266 1652 316 1689 neo
332 1635 414 1690 retus
430 1635 508 1701 inest,
526 1635 578 1688 nisi
596 1635 669 1702 quod
687 1634 757 1702 pede
774 1635 849 1686 certo

84 1711 182 1764 lliliert
198 1711 317 1764 sermoni
335 1727 422 1764 sermo
440 1727 538 1764 merus.
574 1712 614 1763 At
631 1715 710 1778 pater
727 1708 827 1762 ardens

15 1837 16 1840 ,
82 1787 180 1853 Saevit,
198 1785 271 1854 quod
288 1787 432 1839 meretrice
449 1801 533 1854 nepos
550 1787 659 1838 insanus
677 1785 763 1838 amica

81 1861 167 1915 Filius
183 1877 296 1917 uxorem
313 1861 411 1928 grandi
429 1877 490 1913 cum
508 1861 572 1914 dote
589 1863 715 1926 recuset,
903 1875 925 1916 sc

81 1937 180 1990 Ebrius
198 1939 234 2004 et,
252 1952 379 2002 magnum
397 1936 470 2004 quod
488 1935 615 2001 dedecus,
633 1935 755 1988 ambulet
772 1937 836 1988 aute

80 2013 196 2066 Noctem
215 2027 276 2064 cum
293 2011 404 2064 facibus.
439 2011 580 2080 Numquid
599 2011 761 2078 Pomponius
779 2010 839 2063 istis

80 2088 200 2144 Audiret
216 2087 318 2140 leviora
334 2090 413 2154 pater
431 2086 454 2140 si
471 2087 594 2140 viveretl
630 2087 702 2152 Ergo

78 2163 105 2215 N
106 2180 142 2216 on
160 2163 227 2216 satis
248 2167 290 2215 est
307 2162 383 2229 puris
401 2178 509 2214 versum
527 2161 695 2229 perscribere
707 2161 810 2227 serbis,

79 2239 167 2302 Quem
185 2239 209 2290 si
227 2237 365 2302 dissolvas,
384 2237 472 2305 quivis
490 2237 673 2290 stomachetur
691 2236 788 2290 eodem
903 2257 926 2294 55

79 2315 139 2379 Quo
156 2317 318 2382 personatus
335 2316 414 2380 pacto
431 2317 518 2380 pater.
555 2313 606 2364 His
624 2329 673 2378 ego
692 2327 761 2380 quae
778 2327 857 2380 nunc,

78 2390 151 2444 olim
170 2405 240 2457 quae
257 2389 367 2456 scripsit
386 2387 512 2454 Lucilius
531 2388 629 2458 eripias
648 2387 670 2438 si
859 2453 862 2459 .

77 2461 926 2533 Temporaeertamodosque,etquodpriusordineverbumest

78 2538 221 2594 Posterius
238 2539 328 2604 facias,
345 2555 513 2606 praeponens
531 2538 627 2590 ultima
644 2537 745 2604 primis,

77 2614 141 2668 Non
158 2617 192 2667 ut
209 2613 232 2666 si
250 2613 338 2666 solvas
357 2613 527 2680 “Postquam
547 2612 687 2665 Discordia
705 2615 777 2665 tetra
906 2629 931 2668 oo

15 2683 18 2762 l
77 2689 149 2742 Belli
166 2689 284 2742 ferratos
301 2679 394 2756 postes
412 2692 559 2756 portasque
578 2687 705 2753 refregit'

15 2763 17 2820 l
78 2763 208 2826 Invenias
226 2765 310 2832 etiam
328 2762 436 2830 disJecti
453 2763 575 2816 nrembra
592 2767 694 2830 poetae,

15 2821 17 2894 i
77 2839 223 2893 Hactenus
240 2839 323 2892 haec:
341 2837 433 2905 aliasj
469 2842 528 2892 tum
547 2839 582 2890 sit
599 2853 684 2890 necno
701 2839 805 2904 poema,

77 2913 158 2969 Nunc
177 2913 245 2968 illud
259 2917 371 2966 tantum
391 2929 526 2981 quaeram,
545 2913 678 2964 meritone
696 2911 747 2964 tibi
765 2911 801 2964 sit

15 2985 17 3096 r
77 2989 241 3059 Suspectum
260 3007 344 3056 gersus
362 2989 412 3042 hoc
431 2988 574 3041 scribendi.
611 2987 714 3039 Sulcius
733 3001 795 3038 acer
906 3001 931 3040 se

15 3103 16 3112 κ
78 3068 214 3126 Ambulat
232 3069 261 3121 et
281 3063 487 3132 Capriusranci
505 3062 575 3114 male
593 3076 708 3126 cumque
725 3059 830 3125 libellis,

75 3142 197 3264 Magnus
214 3146 334 3212 uterque
353 3139 434 3194 timor
451 3136 618 3200 latronibus,
635 3137 665 3188 at
682 3134 752 3187 bene
770 3135 792 3186 si
811 3132 872 3203 quis
