2126 3410
357 121 563 169 CARMINUM
581 121 633 170 III.
651 121 693 173 27.
921 121 953 169 65

238 199 284 256 sie
299 203 329 254 et
347 201 457 268 Europe
474 201 584 269 niveum
604 200 698 254 doloso
801 259 804 266 ,
928 213 953 256 Ι

165 323 173 336 ,
238 274 366 330 Credidit
382 278 461 328 tauro
478 275 551 329 mun
569 278 599 328 et
617 279 768 331 scatentem

237 349 342 405 Belluis
359 354 473 418 pontum
490 351 651 421 mediasque
668 351 781 406 fraudes

275 425 378 478 Palluit
394 425 494 480 audax.

238 499 334 568 Nuper
351 500 380 553 in
397 501 483 569 pratis
500 500 624 556 studiosa
640 500 738 555 florum
757 504 787 558 et

227 559 355 629 'Debitae
373 575 505 644 Nymphis
522 577 614 644 opifex
632 593 748 630 ooronae

238 650 326 705 Nocte
344 650 474 704 sublustri
490 651 560 705 nihil
577 655 652 706 astra
668 655 780 720 praeter

273 725 354 804 Viuit
372 729 401 779 et
418 727 513 780 undas.

235 802 314 866 -Quae
332 801 412 854 simul
430 805 541 855 centum
558 801 654 870 tetigit
672 804 813 870 potentem

239 876 354 944 Oppidis
373 876 489 930 Creten:
509 877 598 942 Pater,
616 893 633 930 o
650 877 776 931 relietum

239 950 324 1005 Filiae
340 968 438 1005 nomen
455 953 606 1021 pietasque,
625 952 703 1020 dixit,

273 1028 355 1081 Victa
371 1027 479 1082 furore!

237 1102 320 1157 Unde
337 1120 391 1172 quo
407 1103 489 1158 venit
524 1102 606 1156 Levis
623 1119 680 1156 una
697 1119 770 1157 mors
789 1107 832 1160 est

237 1177 382 1247 virginum
398 1179 503 1248 eulpae.
537 1179 698 1246 vigilansne
716 1181 795 1247 ploro

237 1253 327 1322 'rurpe
343 1254 524 1322 commissum,
540 1270 576 1308 an
594 1254 669 1307 vitiis
686 1261 824 1308 carentem

272 1329 358 1382 Ludit
376 1329 467 1397 imago

238 1401 317 1458 Vana
334 1421 404 1474 quae
422 1408 502 1473 porta
514 1405 625 1474 ‘frigiens
642 1404 746 1460 eburna

238 1479 377 1534 Somnium
395 1480 489 1535 duoitl
525 1481 659 1534 Meliusne
677 1481 777 1534 fluetus
808 1547 811 1552 Ι

239 1554 286 1609 Ire
302 1571 353 1623 por
370 1555 466 1622 longos
483 1555 538 1610 fuit
554 1573 590 1610 an
608 1563 734 1609 recentes

274 1630 394 1698 Carpere
411 1631 510 1686 flores?

239 1704 268 1760 Si
286 1706 347 1774 quis
364 1705 490 1759 infamem
510 1705 576 1760 mihi
593 1722 665 1761 nune
676 1703 825 1776 juvencum

239 1779 332 1834 Dedat
349 1781 436 1834 iratae
454 1782 576 1836 lacerare
593 1783 667 1836 ferro
684 1786 714 1838 et

239 1855 378 1922 Frangere
396 1858 485 1910 enitar
501 1858 583 1912 modo
601 1859 717 1912 multum
736 1857 821 1914 amati

274 1932 381 1986 Cornua
399 1933 521 1987 monstri
810 1999 814 2006 ,

240 2005 389 2074 impudens
406 2007 474 2075 liqui
490 2007 594 2076 patrios
613 2009 738 2078 Penates,

202 2101 206 2107 ·
240 2081 390 2149 Impudens
408 2083 509 2136 Oreum
526 2101 624 2144 moror.
660 2085 815 2139 Odeorum

138 2187 147 2200 ·
240 2156 270 2212 Si
287 2157 349 2226 quis
365 2157 434 2212 haee
450 2160 537 2227 audis,
554 2161 660 2214 utinam
677 2161 751 2215 inter
767 2176 857 2216 errem

203 2228 207 2232 ’
272 2231 356 2285 Nuda
373 2232 482 2286 leones!

240 2307 397 2376 Antequam
414 2308 503 2376 turpis
520 2310 620 2364 macies
637 2309 766 2365 decentes

239 2382 362 2451 Ooeupet
378 2384 463 2438 males
479 2389 647 2455 teneraeque
663 2403 758 2440 succus

239 2456 350 2512 Defluat
366 2459 491 2528 praedae,
510 2463 631 2530 speciosa
648 2478 750 2530 quaero

275 2533 390 2587 Poscere
408 2535 500 2602 tigres.

214 2633 217 2636 ·
240 2605 317 2661 vilia
330 2609 445 2676 Europe,
463 2614 544 2678 pater
560 2613 641 2678 urget
658 2609 772 2666 absens:

240 2683 313 2747 Quid
329 2684 398 2736 mori
416 2687 524 2738 cessaal
560 2685 641 2738 Potes
659 2685 709 2736 hac
727 2686 761 2739 ab
779 2700 844 2741 orno

239 2756 393 2812 Pendulum
410 2777 477 2813 zona
493 2760 564 2814 bene
581 2764 611 2814 te
628 2765 722 2814 secuta

274 2833 396 2888 laedere
413 2835 517 2890 oollum.

146 2929 172 2942 ··
239 2906 302 2961 Sive
319 2913 348 2962 te
366 2926 447 2976 rupes
464 2915 493 2963 et
510 2914 590 2966 acuta
605 2909 662 2966 leto

238 2982 311 3037 Saxa
327 2985 467 3038 delectant
484 3002 534 3052 age
551 2993 580 3040 te
597 2986 731 3056 procellae

238 3057 329 3112 Crede
346 3059 437 3123 veloci,
455 3059 508 3110 nisi
526 3061 611 3112 herile
628 3061 714 3112 meris

241 3179 245 3190 .
273 3131 392 3220 Carpere
410 3147 524 3199 pensum
