2144 3420
122 156 173 204 [aa
374 153 548 208 'Rosam
566 159 695 207 nusum

120 229 145 286 0
162 237 255 288 noctes
273 251 426 306 coenaeque
444 237 541 290 domu!
567 237 666 306 quibus
682 237 742 305 ipse
759 233 870 304 meique
949 248 984 292 ὅ

122 306 197 362 Ante
216 306 313 364 Larem
329 313 468 380 proprium
486 329 580 366 vescor
596 329 747 380 vernasque
763 325 890 380 procaces

122 363 208 438 l’asco
226 376 317 439 libatis
336 379 457 454 dapibus.
494 387 579 440 Prout
596 388 693 456 cuique
710 386 796 440 libido
813 387 870 440 ess*

123 457 212 513 Siocat
229 449 384 530 inaequales
402 463 498 516 calices
516 461 634 530 conviva,
652 462 756 515 solutus

124 531 243 602 Legibus
260 531 369 601 insanis,
387 554 435 590 seu
453 536 514 606 quis
532 537 605 606 capit
622 537 696 590 acria
711 535 790 590 fortis

122 598 224 664 'Pocula
240 627 288 664 scu
306 612 419 665 modicis
436 611 540 665 uvescit
557 603 662 665 laetius.
698 611 770 679 Ergo
953 613 983 667 ‘to

125 683 219 739 Sermo
237 687 330 754 oritru,
348 703 401 740 non
420 687 455 741 de
472 686 543 741 villis
560 686 719 740 domibusve
737 686 840 752 alienis,

124 758 151 812 N
153 777 184 814 ec
201 762 271 815 male
287 779 372 816 necne
387 763 479 831 Lepos
497 763 592 827 saltet;
610 762 660 816 sed
678 762 751 830 quod
764 761 851 828 magis
867 762 903 813 ad
922 777 980 814 nos

126 834 251 890 Pertinet
268 837 297 891 et
313 837 418 891 nescire
436 838 537 891 malum
555 841 598 891 est
614 838 762 905 agitamus:
778 840 905 890 utrumne

125 909 236 965 Divitiis
253 912 375 966 homines
392 929 427 966 an
446 913 501 967 siut
518 913 620 966 virtute
637 911 728 978 beati3

125 985 232 1049 Quidve
250 986 442 1053 adamicitiaq
459 1005 525 1041 usus
542 985 689 1052 rectumne,
706 987 799 1042 trahat
815 1003 879 1053 nos;
951 999 979 1042 ⁷6
1024 995 1027 1002 '

126 1061 163 1115 Et
180 1079 249 1130 quae
268 1063 304 1117 sit
321 1067 418 1118 natura
435 1063 499 1138 b⁰¹¹l
517 1079 705 1138 summumque
723 1063 789 1132 quid
806 1061 872 1130 ejus.
964 1069 966 1076 '

126 1136 238 1190 Cervius
256 1138 322 1192 haee
338 1138 411 1191 inter
431 1138 531 1192 vicinus
548 1138 635 1205 gamit
651 1138 737 1191 aniles

125 1210 167 1262 Ex
185 1228 215 1264 re
231 1211 351 1266 fabellas.
386 1213 414 1266 Si
433 1213 573 1281 quisnam
591 1213 686 1266 laudat
706 1211 792 1266 Arelli

126 1285 258 1340 Sollicitas
275 1287 385 1354 ignarus
394 1289 475 1356 opes,
494 1289 532 1342 sic
549 1288 658 1356 incipit:
678 1286 773 1340 “Olim

126 1361 254 1416 Rusticus
270 1363 405 1416 urbanum
423 1380 527 1417 murem
544 1381 605 1417 mus
622 1379 741 1432 paupere
759 1363 847 1416 fertur
951 1377 980 1418 ss

123 1439 271 1506 'Accepisse
289 1455 360 1506 cavo,
379 1443 500 1492 veterem
518 1445 597 1493 vetus
614 1439 710 1506 hospes
728 1439 851 1504 amicum,

125 1514 217 1582 Asper
234 1518 263 1568 et
280 1517 404 1567 attentus
422 1515 561 1583 quaesitis,
579 1518 611 1568 ut
627 1522 719 1568 tamen
738 1517 828 1567 artum

125 1589 249 1643 Solveret
266 1589 391 1658 hospitiis
410 1591 537 1644 animum.
573 1590 646 1654 Quid
663 1590 766 1644 multat
784 1605 873 1657 neque
890 1588 938 1643 ille

124 1664 243 1732 Sepositi
261 1665 356 1718 ciceris
373 1681 424 1718 nec
441 1665 538 1733 longae
555 1665 654 1718 invidit
672 1681 781 1732 avenae,

125 1739 244 1794 Aridum
261 1744 291 1794 et
308 1757 355 1794 ore
372 1740 462 1794 ferens
480 1741 587 1794 acinum
605 1757 764 1809 semesaque
781 1738 851 1793 lardi
950 1755 978 1794 ss

125 1814 226 1869 Frusta
244 1816 330 1883 dedit,
348 1817 460 1885 cupiens
478 1817 552 1880 varia
568 1817 679 1870 fastidia
696 1832 780 1869 coena
1060 1825 1061 1869 l

124 1890 243 1944 Vincere
260 1893 398 1960 tangentis
415 1892 485 1945 male
504 1892 609 1960 singula
628 1891 713 1945 dente
730 1890 862 1958 superbo;

125 1965 194 2021 Oum
211 1971 290 2034 pater
307 1968 365 2036 ipse
383 1967 480 2020 domus
497 1968 575 2035 palca
592 1971 736 2036 porrectus
753 1966 781 2018 in
798 1966 884 2017 horna

124 2042 205 2096 Esset
222 2042 290 2094 ador
306 2043 463 2110 loliumque,
482 2042 560 2111 dapis
577 2043 690 2096 meliora
706 2041 869 2108 relinquens.

124 2117 245 2171 Tandem
251 2117 372 2171 urbanus
381 2119 417 2170 ad
426 2118 510 2172 huuc:
523 2118 608 2182 ‘Quid
617 2122 646 2172 te
654 2117 748 2185 juvatss
757 2115 854 2183 inquit,
867 2115 972 2184 ‘amice

125 2193 268 2260 Praerupti
291 2193 410 2246 nemoris
428 2193 578 2261 patientem
596 2193 687 2246 vivere
706 2192 802 2245 dorset
947 2207 970 2246 ar
1058 2193 1059 2227 l

124 2268 176 2321 Vis
193 2271 225 2321 tu
242 2268 365 2321 homiues
382 2267 533 2337 urbemque
550 2268 615 2320 feris
633 2283 800 2336 praeponere
817 2264 909 2319 silvisl

124 2343 213 2411 Carpe
229 2344 307 2408 viam,
325 2343 392 2396 mihi
410 2344 501 2411 erede,
519 2360 624 2409 comes;
641 2343 783 2398 terrestria
800 2341 908 2410 quaudo
1057 2341 1058 2405 l

124 2418 255 2472 Mortales
272 2419 375 2486 animas
392 2419 487 2472 vivunt
505 2419 609 2486 sortita,
627 2415 717 2486 neque
734 2416 790 2470 ulla
807 2419 851 2469 est

124 2495 184 2547 Aut
201 2510 298 2561 magno
315 2497 363 2546 aut
379 2509 462 2562 parvo
479 2493 529 2547 leti
547 2494 623 2561 fuga:
648 2509 710 2561 quo,
720 2491 805 2559 ¹boue,
823 2491 901 2557 circa,
946 2507 971 2548 ss

124 2568 197 2621 Dum
214 2568 278 2622 licet
294 2567 323 2621 in
341 2568 424 2621 rebus
437 2567 567 2635 jucundis
584 2568 648 2622 rive
665 2567 777 2631 beatus;
975 2575 978 2580 '
1055 2629 1056 2632 Ἴ

124 2643 196 2696 Vive
213 2659 317 2696 memor
334 2659 416 2710 quarn
434 2644 471 2695 sis
488 2644 549 2696 aevi
567 2643 671 2698 brevis!
708 2643 786 2695 Haec
802 2639 850 2694 ubi
868 2639 940 2694 dicta

124 2718 271 2785 Agrestem
288 2719 417 2786 pepulere
435 2718 515 2772 domo
533 2719 601 2772 levis
620 2718 725 2784 exsilit3
743 2717 808 2770 iude

124 2793 215 2846 Ambo
233 2793 401 2860 propositum
419 2797 554 2861 peragunt
571 2794 632 2860 iter,
650 2793 727 2846 urbis
744 2793 857 2846 aventes

124 2865 234 2918 Moenia
250 2867 376 2918 nocturni
395 2867 549 2934 subrepere.
585 2868 703 2935 Jamque
721 2867 834 2920 tenebat
934 2879 967 2922 lto

123 2936 187 3000 Nox
204 2940 325 2991 medium
342 2941 409 2992 caeli
427 2941 545 3008 spatium
562 2959 623 2995 cum
642 2943 718 3009 ponit
735 2945 854 3011 uterque
1052 2945 1054 2950 ’

125 3008 160 3059 In
177 3008 311 3074 locuplete
329 3012 409 3065 domo
426 3015 549 3080 vestigia,
566 3016 649 3068 rubro
666 3016 713 3068 ubi
732 3033 810 3070 cocco

125 3078 220 3130 Tincta
237 3097 318 3146 super
335 3083 419 3138 lectos
436 3087 566 3140 canderet
584 3089 668 3141 vestis
686 3089 812 3159 eburnos,

125 3147 268 3215 Multaque
285 3153 320 3204 de
338 3171 435 3222 magna
450 3165 624 3223 superessent
641 3163 743 3217 fereula
759 3181 849 3232 coena,
