2126 3410
395 151 550 212 HORATII
567 153 697 204 FLAch

258 232 356 301 Multo,
374 249 430 303 quo
446 231 535 288 crines
551 234 668 302 religato
683 233 773 302 fulgos
782 243 813 302 ;·'
859 241 862 246 '
928 284 932 290 .
959 250 976 296 ο

260 309 347 363 Ridet
362 313 476 378 argento
494 309 609 374 domne3
625 308 775 362 animetis

260 383 361 438 Vincta
378 384 505 438 verbenis
523 387 587 438 eret
603 383 742 438 immolato

294 459 423 528 spargier
439 475 526 527 ogno;
546 483 548 488 ·

260 535 365 589 Cuncta
381 535 495 588 festinat
511 549 615 600 monus,
631 533 686 588 hue
703 537 733 588 et
749 535 812 590 illue

232 653 239 668 .
261 610 400 664 Cursitont
416 609 520 662 mixtae
536 609 628 678 pueris
644 609 768 678 puellam
946 623 970 667 lo

260 684 407 740 Sordidum
423 683 548 738 flammae
564 683 705 752 trepidant
721 687 843 739 rotantes

294 760 406 816 Vertioe
422 760 533 814 fumum.
639 781 642 788 ¹

259 835 300 890 Ut
316 839 408 890 tamen
424 835 498 888 noris
515 834 614 904 quibus
630 835 768 890 edvooerie

260 910 381 978 Geudiie,
399 910 467 964 Idus
483 908 536 963 tibi
553 913 618 963 sunt
633 910 764 978 agendae,

260 985 313 1050 Qui
330 985 390 1038 dies
406 1001 526 1044 mensem
544 984 661 1040 Veneris
677 986 798 1042 marinae
944 1000 969 1041 1³

293 1059 389 1114 Findit
406 1059 543 1129 Aprilem3

258 1135 329 1190 Jure
346 1134 482 1189 sollemnis
499 1135 566 1188 milri
584 1136 756 1205 sanctiorque
834 1165 839 1180 ·

260 1211 351 1265 Peene
367 1209 452 1264 natali
468 1209 586 1278 proprio,
604 1210 679 1278 quod
696 1227 731 1264 ex
748 1212 799 1266 hoe

258 1285 335 1347 Luce
350 1285 494 1340 Maecenas
510 1301 586 1339 meus
603 1285 755 1340 adfluentes

292 1360 409 1415 Ordinot
425 1376 515 1415 armos.

143 1465 147 1474 ·
258 1437 414 1506 Telephum,
432 1453 514 1506 quem
531 1439 564 1490 tu
580 1436 661 1504 petie,
679 1438 833 1505 occupavit.

258 1513 284 1566 N
286 1529 320 1566 on
337 1515 401 1566 tuoe
419 1511 499 1564 sortis
513 1511 644 1579 juvenem
661 1511 752 1580 puelle

257 1587 341 1641 Dives
358 1591 388 1641 ot
404 1587 509 1654 lasciva,
526 1589 657 1655 tenetque
673 1591 753 1655 grnte

291 1655 429 1724 Compede
446 1655 572 1708 vinetum.

257 1731 353 1784 'l'erret
369 1729 510 1784 ambustus
528 1729 669 1784 Phaethon
680 1746 775 1784 avarae
941 1795 948 1808 .

220 1855 225 1866 ,
257 1806 332 1875 Spes,
350 1810 379 1860 et
396 1804 549 1872 exemplum
566 1820 649 1871 grove
665 1805 780 1874 praebet
796 1805 853 1860 alos

256 1879 375 1948 Pegasus
392 1884 532 1934 terrenum
550 1879 669 1946 equitem
686 1886 814 1948 gravatus

290 1955 535 2024 Bellerophontem,

256 2030 369 2099 Semper
385 2035 417 2084 ut
434 2035 463 2085 te
480 2030 563 2098 digne
580 2046 694 2100 sequere
712 2033 741 2084 et
757 2031 831 2086 ultro

256 2105 343 2169 Quom
360 2105 424 2159 lieet
440 2121 550 2173 sperare
566 2105 643 2159 nelos
659 2105 782 2174 putando

255 2179 399 2248 Dioporem
415 2179 502 2234 vites.¹
528 2181 588 2248 Age
601 2178 668 2248 jam,
686 2197 807 2234 meorum

290 2254 365 2308 Finis
382 2271 539 2308 amorum-

254 2329 317 2383 Non
334 2329 406 2384 enim
422 2329 535 2398 posthae
552 2329 605 2383 olio
621 2329 720 2384 (rtelebo¹

254 2404 525 2458 Femina-oondieoe
542 2403 637 2458 modos
653 2404 770 2458 emendo

254 2478 329 2532 Voee
347 2495 415 2547 quoe
431 2478 549 2544 reddam
566 2478 723 2534 minuentur
738 2483 815 2534 atrae

287 2552 413 2607 Oormine
429 2569 516 2631 eume.
560 2567 561 2570 ’
670 2611 682 2634 ⁸

502 2701 571 2758 XII.

251 2785 272 2839 J
273 2800 314 2840 Am
331 2784 402 2838 veris
419 2785 531 2840 comites
548 2801 619 2853 quoe
635 2801 711 2840 mare
727 2790 881 2854 temperent

252 2859 402 2927 Impellunt
418 2859 523 2912 animae
539 2859 624 2914 lintea
641 2861 788 2924 Thraciam

251 2933 316 2985 Jom
332 2948 383 2986 nee
399 2935 480 3001 prote
496 2933 587 3000 rigent
603 2950 653 2987 nee
670 2934 744 2988 fluvii
762 2936 889 3002 strepunt

286 3005 410 3059 Hiberna
425 3006 488 3060 nive
505 3008 616 3074 turgidi.

251 3077 278 3130 N
280 3077 355 3131 idum
371 3080 454 3146 ponit,
471 3079 536 3147 Ityn
552 3081 679 3134 flebiliter
694 3097 812 3150 gemens,

252 3149 352 3203 Infelix
369 3153 427 3206 ario
444 3155 473 3206 et
490 3153 636 3223 Cecropiae
653 3155 750 3210 domus
