<?xml version="1.0" encoding="UTF-8"?>
<!DOCTYPE html PUBLIC "-//W3C//DTD XHTML 1.0 Transitional//EN"
    "http://www.w3.org/TR/xhtml1/DTD/xhtml1-transitional.dtd">
<html xmlns="http://www.w3.org/1999/xhtml" xml:lang="en" lang="en">
 <head>
  <title>
</title>
<meta http-equiv="Content-Type" content="text/html;charset=utf-8" />
  <meta name='ocr-system' content='tesseract 3.04.00' />
  <meta name='ocr-capabilities' content='ocr_page ocr_carea ocr_par ocr_line ocrx_word'/>
</head>
<body>
  <div class='ocr_page' id='page_1' title='image "./quintihoratiifl00maclgoog_0063.png"; bbox 0 0 2116 3424; ppageno 0'>
   <div class='ocr_carea' id='block_1_1' title="bbox 379 110 959 182">
    <p class='ocr_par' dir='ltr' id='par_1_1' title="bbox 379 110 959 182">
     <span class='ocr_line' id='line_1_1' title="bbox 379 110 959 182; baseline 0.002 -6"><span class='ocrx_word' id='word_1_1' title='bbox 379 110 582 176; x_wconf 75' lang='lat' dir='ltr'><strong>piammon</strong></span> <span class='ocrx_word' id='word_1_2' title='bbox 599 125 653 176; x_wconf 89' lang='lat'>111.</span> <span class='ocrx_word' id='word_1_3' title='bbox 671 129 696 182; x_wconf 82' lang='lat' dir='ltr'><strong>e.</strong></span> <span class='ocrx_word' id='word_1_4' title='bbox 925 125 959 180; x_wconf 81' lang='lat' dir='ltr'><strong>rr</strong></span> 
     </span>
    </p>
   </div>
   <div class='ocr_carea' id='block_1_2' title="bbox 194 203 959 2139">
    <p class='ocr_par' dir='ltr' id='par_1_2' title="bbox 194 203 959 2139">
     <span class='ocr_line' id='line_1_2' title="bbox 281 203 615 274; baseline -0.018 -10"><span class='ocrx_word' id='word_1_5' title='bbox 281 203 375 274; x_wconf 73' lang='lat' dir='ltr'><strong>lbyna</strong></span> <span class='ocrx_word' id='word_1_6' title='bbox 391 223 481 260; x_wconf 86' lang='lat' dir='ltr'><strong>meroe</strong></span> <span class='ocrx_word' id='word_1_7' title='bbox 498 205 615 273; x_wconf 89' lang='lat' dir='ltr'><strong>beatum,</strong></span> 
     </span>
     <span class='ocr_line' id='line_1_3' title="bbox 317 280 698 348; baseline -0.003 -12"><span class='ocrx_word' id='word_1_8' title='bbox 317 282 474 336; x_wconf 79' lang='lat' dir='ltr'><strong>Constantis</strong></span> <span class='ocrx_word' id='word_1_9' title='bbox 488 280 618 348; x_wconf 87' lang='lat' dir='ltr'><strong>juvenem</strong></span> <span class='ocrx_word' id='word_1_10' title='bbox 635 280 698 346; x_wconf 86' lang='lat' dir='ltr'><strong>lide,</strong></span> 
     </span>
     <span class='ocr_line' id='line_1_4' title="bbox 247 355 958 424; baseline -0.003 -12"><span class='ocrx_word' id='word_1_11' title='bbox 247 355 362 424; x_wconf 82' lang='lat' dir='ltr'><strong>Gygenl</strong></span> <span class='ocrx_word' id='word_1_12' title='bbox 399 356 451 410; x_wconf 91' lang='lat' dir='ltr'><strong>Ille</strong></span> <span class='ocrx_word' id='word_1_13' title='bbox 468 355 549 409; x_wconf 88' lang='lat' dir='ltr'><strong>Notis</strong></span> <span class='ocrx_word' id='word_1_14' title='bbox 565 359 642 409; x_wconf 88' lang='lat' dir='ltr'><strong>actus</strong></span> <span class='ocrx_word' id='word_1_15' title='bbox 659 356 695 408; x_wconf 87' lang='lat' dir='ltr'><strong>ad</strong></span> <span class='ocrx_word' id='word_1_16' title='bbox 713 355 824 411; x_wconf 86' lang='lat' dir='ltr'><strong>Oricum</strong></span> <span class='ocrx_word' id='word_1_17' title='bbox 943 369 958 414; x_wconf 74' lang='lat' dir='ltr'><strong>a</strong></span> 
     </span>
     <span class='ocr_line' id='line_1_5' title="bbox 248 429 789 498; baseline -0.007 -9"><span class='ocrx_word' id='word_1_18' title='bbox 248 429 315 489; x_wconf 86' lang='lat' dir='ltr'><strong>Post</strong></span> <span class='ocrx_word' id='word_1_19' title='bbox 332 431 428 484; x_wconf 87' lang='lat' dir='ltr'><strong>insana</strong></span> <span class='ocrx_word' id='word_1_20' title='bbox 446 430 550 498; x_wconf 80' lang='lat' dir='ltr'><strong>Caprae</strong></span> <span class='ocrx_word' id='word_1_21' title='bbox 568 430 659 484; x_wconf 89' lang='lat' dir='ltr'><strong>sidera</strong></span> <span class='ocrx_word' id='word_1_22' title='bbox 675 430 789 498; x_wconf 84' lang='lat' dir='ltr'><strong>frigidas</strong></span> 
     </span>
     <span class='ocr_line' id='line_1_6' title="bbox 282 505 822 561; baseline -0.006 0"><span class='ocrx_word' id='word_1_23' title='bbox 282 505 385 561; x_wconf 84' lang='lat' dir='ltr'><strong>Noctes</strong></span> <span class='ocrx_word' id='word_1_24' title='bbox 402 521 456 558; x_wconf 92' lang='lat' dir='ltr'><strong>non</strong></span> <span class='ocrx_word' id='word_1_25' title='bbox 474 506 532 558; x_wconf 89' lang='lat' dir='ltr'><strong>sine</strong></span> <span class='ocrx_word' id='word_1_26' title='bbox 549 505 643 560; x_wconf 90' lang='lat' dir='ltr'><strong>multis</strong></span> <span class='ocrx_word' id='word_1_27' title='bbox 820 519 822 526; x_wconf 63' lang='lat'><strong>⁴</strong></span> 
     </span>
     <span class='ocr_line' id='line_1_7' title="bbox 317 579 686 650; baseline 0.005 -16"><span class='ocrx_word' id='word_1_28' title='bbox 317 580 454 634; x_wconf 88' lang='lat' dir='ltr'><strong>Insomnis</strong></span> <span class='ocrx_word' id='word_1_29' title='bbox 470 579 589 634; x_wconf 74' lang='lat' dir='ltr'><strong>lacrimis</strong></span> <span class='ocrx_word' id='word_1_30' title='bbox 606 581 686 650; x_wconf 67' lang='lat' dir='ltr'><strong>agit„</strong></span> 
     </span>
     <span class='ocr_line' id='line_1_8' title="bbox 250 655 823 725; baseline -0.007 -13"><span class='ocrx_word' id='word_1_31' title='bbox 250 656 337 725; x_wconf 80' lang='lat' dir='ltr'><strong>Atqui</strong></span> <span class='ocrx_word' id='word_1_32' title='bbox 355 655 486 709; x_wconf 77' lang='lat' dir='ltr'><strong>sollicitae</strong></span> <span class='ocrx_word' id='word_1_33' title='bbox 502 656 613 710; x_wconf 88' lang='lat' dir='ltr'><strong>nuntius</strong></span> <span class='ocrx_word' id='word_1_34' title='bbox 630 656 762 724; x_wconf 76' lang='lat' dir='ltr'><strong>hospitae,</strong></span> <span class='ocrx_word' id='word_1_35' title='bbox 819 701 823 708; x_wconf 90' lang='lat'>.</span> 
     </span>
     <span class='ocr_line' id='line_1_9' title="bbox 251 729 959 798; baseline 0.001 -14"><span class='ocrx_word' id='word_1_36' title='bbox 251 729 393 798; x_wconf 69' lang='lat' dir='ltr'><strong>suspirare</strong></span> <span class='ocrx_word' id='word_1_37' title='bbox 411 730 513 785; x_wconf 76' lang='lat' dir='ltr'><strong>chlosn</strong></span> <span class='ocrx_word' id='word_1_38' title='bbox 531 733 561 785; x_wconf 89' lang='lat' dir='ltr'><strong>et</strong></span> <span class='ocrx_word' id='word_1_39' title='bbox 577 731 705 785; x_wconf 88' lang='lat' dir='ltr'><strong>miseram</strong></span> <span class='ocrx_word' id='word_1_40' title='bbox 721 731 777 784; x_wconf 88' lang='lat' dir='ltr'><strong>tuis</strong></span> <span class='ocrx_word' id='word_1_41' title='bbox 936 743 959 785; x_wconf 84' lang='grc' dir='ltr'><strong>ιο</strong></span> 
     </span>
     <span class='ocr_line' id='line_1_10' title="bbox 283 805 823 873; baseline -0.007 -11"><span class='ocrx_word' id='word_1_42' title='bbox 283 806 385 862; x_wconf 87' lang='lat' dir='ltr'><strong>Dicens</strong></span> <span class='ocrx_word' id='word_1_43' title='bbox 404 805 513 873; x_wconf 79' lang='lat' dir='ltr'><strong>ignibus</strong></span> <span class='ocrx_word' id='word_1_44' title='bbox 529 805 580 873; x_wconf 78' lang='lat' dir='ltr'><strong>uri,</strong></span> <span class='ocrx_word' id='word_1_45' title='bbox 820 807 823 858; x_wconf 82' lang='grc' dir='ltr'>ἶ</span> 
     </span>
     <span class='ocr_line' id='line_1_11' title="bbox 317 880 711 935; baseline 0.003 -1"><span class='ocrx_word' id='word_1_46' title='bbox 317 880 418 935; x_wconf 77' lang='lat' dir='ltr'><strong>&#39;lentat</strong></span> <span class='ocrx_word' id='word_1_47' title='bbox 434 880 508 934; x_wconf 90' lang='lat' dir='ltr'><strong>mille</strong></span> <span class='ocrx_word' id='word_1_48' title='bbox 525 880 600 934; x_wconf 84' lang='lat' dir='ltr'><strong>vafer</strong></span> <span class='ocrx_word' id='word_1_49' title='bbox 616 880 711 935; x_wconf 84' lang='lat' dir='ltr'><strong>modis</strong></span> 
     </span>
     <span class='ocr_line' id='line_1_12' title="bbox 250 955 830 1024; baseline -0.002 -13"><span class='ocrx_word' id='word_1_50' title='bbox 250 955 290 1012; x_wconf 84' lang='lat' dir='ltr'><strong>Ut</strong></span> <span class='ocrx_word' id='word_1_51' title='bbox 307 956 438 1011; x_wconf 81' lang='lat' dir='ltr'><strong>Proetum</strong></span> <span class='ocrx_word' id='word_1_52' title='bbox 455 955 554 1010; x_wconf 90' lang='lat' dir='ltr'><strong>mulier</strong></span> <span class='ocrx_word' id='word_1_53' title='bbox 570 955 675 1024; x_wconf 86' lang='lat' dir='ltr'><strong>perfida</strong></span> <span class='ocrx_word' id='word_1_54' title='bbox 692 955 830 1010; x_wconf 86' lang='lat' dir='ltr'><strong>credulum</strong></span> 
     </span>
     <span class='ocr_line' id='line_1_13' title="bbox 254 1029 768 1099; baseline -0.002 -14"><span class='ocrx_word' id='word_1_55' title='bbox 254 1029 342 1086; x_wconf 82' lang='lat' dir='ltr'><strong>Falsis</strong></span> <span class='ocrx_word' id='word_1_56' title='bbox 356 1031 496 1099; x_wconf 90' lang='lat' dir='ltr'><strong>impulerit</strong></span> <span class='ocrx_word' id='word_1_57' title='bbox 513 1031 670 1084; x_wconf 75' lang='lat' dir='ltr'><strong>criminibus</strong></span> <span class='ocrx_word' id='word_1_58' title='bbox 687 1031 768 1084; x_wconf 85' lang='lat' dir='ltr'><strong>nimis</strong></span> 
     </span>
     <span class='ocr_line' id='line_1_14' title="bbox 283 1105 958 1173; baseline -0.003 -13"><span class='ocrx_word' id='word_1_59' title='bbox 283 1107 365 1161; x_wconf 85' lang='lat' dir='ltr'><strong>Casto</strong></span> <span class='ocrx_word' id='word_1_60' title='bbox 382 1105 587 1173; x_wconf 76' lang='lat' dir='ltr'><strong>Bellerophonti</strong></span> <span class='ocrx_word' id='word_1_61' title='bbox 935 1116 958 1158; x_wconf 73' lang='grc' dir='ltr'><strong>ιε</strong></span> 
     </span>
     <span class='ocr_line' id='line_1_15' title="bbox 317 1181 684 1249; baseline -0.003 -14"><span class='ocrx_word' id='word_1_62' title='bbox 317 1181 457 1236; x_wconf 86' lang='lat' dir='ltr'><strong>Maturare</strong></span> <span class='ocrx_word' id='word_1_63' title='bbox 474 1197 576 1249; x_wconf 90' lang='lat' dir='ltr'><strong>necem,</strong></span> <span class='ocrx_word' id='word_1_64' title='bbox 591 1181 684 1235; x_wconf 82' lang='lat' dir='ltr'><strong>refert.</strong></span> 
     </span>
     <span class='ocr_line' id='line_1_16' title="bbox 248 1254 826 1324; baseline -0.005 -13"><span class='ocrx_word' id='word_1_65' title='bbox 248 1257 352 1311; x_wconf 74' lang='lat' dir='ltr'><strong>Narrat</strong></span> <span class='ocrx_word' id='word_1_66' title='bbox 368 1272 456 1324; x_wconf 89' lang='lat' dir='ltr'><strong>paene</strong></span> <span class='ocrx_word' id='word_1_67' title='bbox 473 1255 569 1309; x_wconf 90' lang='lat' dir='ltr'><strong>datum</strong></span> <span class='ocrx_word' id='word_1_68' title='bbox 587 1255 670 1310; x_wconf 88' lang='lat' dir='ltr'><strong>Pelea</strong></span> <span class='ocrx_word' id='word_1_69' title='bbox 687 1254 807 1322; x_wconf 76' lang='lat' dir='ltr'><strong>Tartaro,</strong></span> <span class='ocrx_word' id='word_1_70' title='bbox 823 1293 826 1300; x_wconf 75' lang='grc'>.</span> 
     </span>
     <span class='ocr_line' id='line_1_17' title="bbox 248 1328 956 1398; baseline -0.006 -12"><span class='ocrx_word' id='word_1_71' title='bbox 248 1330 422 1398; x_wconf 81' lang='lat' dir='ltr'><strong>Magnessam</strong></span> <span class='ocrx_word' id='word_1_72' title='bbox 442 1330 609 1398; x_wconf 82' lang='lat' dir='ltr'><strong>Hippolyten</strong></span> <span class='ocrx_word' id='word_1_73' title='bbox 627 1331 693 1384; x_wconf 91' lang='lat' dir='ltr'><strong>dum</strong></span> <span class='ocrx_word' id='word_1_74' title='bbox 709 1329 781 1396; x_wconf 82' lang='lat' dir='ltr'><strong>fugit</strong></span> <span class='ocrx_word' id='word_1_75' title='bbox 798 1328 939 1388; x_wconf 82' lang='lat' dir='ltr'><strong>abstinens</strong></span> <span class='ocrx_word' id='word_1_76' title='bbox 947 1348 956 1392; x_wconf 80' lang='lat'>3</span> 
     </span>
     <span class='ocr_line' id='line_1_18' title="bbox 283 1406 596 1474; baseline 0 -14"><span class='ocrx_word' id='word_1_77' title='bbox 283 1406 321 1460; x_wconf 80' lang='lat' dir='ltr'><strong>Et</strong></span> <span class='ocrx_word' id='word_1_78' title='bbox 337 1422 449 1474; x_wconf 85' lang='lat' dir='ltr'><strong>peccare</strong></span> <span class='ocrx_word' id='word_1_79' title='bbox 467 1406 596 1460; x_wconf 79' lang='lat' dir='ltr'><strong>docentes</strong></span> 
     </span>
     <span class='ocr_line' id='line_1_19' title="bbox 318 1481 958 1535; baseline -0.003 -1"><span class='ocrx_word' id='word_1_80' title='bbox 318 1481 413 1534; x_wconf 70' lang='lat' dir='ltr'><strong>Fallax</strong></span> <span class='ocrx_word' id='word_1_81' title='bbox 431 1481 558 1534; x_wconf 87' lang='lat' dir='ltr'><strong>historias</strong></span> <span class='ocrx_word' id='word_1_82' title='bbox 575 1484 672 1535; x_wconf 87' lang='lat' dir='ltr'><strong>movet.</strong></span> <span class='ocrx_word' id='word_1_83' title='bbox 933 1493 958 1532; x_wconf 81' lang='lat' dir='ltr'><strong>ao</strong></span> 
     </span>
     <span class='ocr_line' id='line_1_20' title="bbox 248 1555 828 1624; baseline -0.005 -14"><span class='ocrx_word' id='word_1_84' title='bbox 248 1556 377 1616; x_wconf 75' lang='lat' dir='ltr'><strong>Frustra:</strong></span> <span class='ocrx_word' id='word_1_85' title='bbox 394 1573 457 1610; x_wconf 89' lang='lat' dir='ltr'><strong>nam</strong></span> <span class='ocrx_word' id='word_1_86' title='bbox 475 1556 591 1624; x_wconf 85' lang='lat' dir='ltr'><strong>seopulis</strong></span> <span class='ocrx_word' id='word_1_87' title='bbox 609 1555 717 1608; x_wconf 86' lang='lat' dir='ltr'><strong>surdior</strong></span> <span class='ocrx_word' id='word_1_88' title='bbox 734 1555 828 1608; x_wconf 83' lang='lat' dir='ltr'><strong>icari.</strong></span> 
     </span>
     <span class='ocr_line' id='line_1_21' title="bbox 249 1629 824 1700; baseline -0.003 -15"><span class='ocrx_word' id='word_1_89' title='bbox 249 1631 338 1686; x_wconf 80' lang='lat' dir='ltr'><strong>Voces</strong></span> <span class='ocrx_word' id='word_1_90' title='bbox 355 1631 433 1685; x_wconf 88' lang='lat' dir='ltr'><strong>audit</strong></span> <span class='ocrx_word' id='word_1_91' title='bbox 450 1631 538 1684; x_wconf 88' lang='lat' dir='ltr'><strong>adhue</strong></span> <span class='ocrx_word' id='word_1_92' title='bbox 554 1631 668 1700; x_wconf 84' lang='lat' dir='ltr'><strong>integer.</strong></span> <span class='ocrx_word' id='word_1_93' title='bbox 703 1633 743 1684; x_wconf 85' lang='lat' dir='ltr'><strong>At</strong></span> <span class='ocrx_word' id='word_1_94' title='bbox 760 1629 824 1684; x_wconf 89' lang='lat' dir='ltr'><strong>tibi·</strong></span> 
     </span>
     <span class='ocr_line' id='line_1_22' title="bbox 282 1707 583 1774; baseline -0.007 -14"><span class='ocrx_word' id='word_1_95' title='bbox 282 1707 309 1761; x_wconf 87' lang='lat' dir='ltr'>N</span> <span class='ocrx_word' id='word_1_96' title='bbox 311 1723 326 1759; x_wconf 91' lang='lat' dir='ltr'><strong>e</strong></span> <span class='ocrx_word' id='word_1_97' title='bbox 343 1707 445 1760; x_wconf 87' lang='lat' dir='ltr'><strong>vicinus</strong></span> <span class='ocrx_word' id='word_1_98' title='bbox 463 1707 583 1774; x_wconf 79' lang='lat' dir='ltr'><strong>Enipeus</strong></span> 
     </span>
     <span class='ocr_line' id='line_1_23' title="bbox 318 1781 773 1850; baseline -0.004 -14"><span class='ocrx_word' id='word_1_99' title='bbox 318 1781 383 1836; x_wconf 87' lang='lat' dir='ltr'><strong>Plus</strong></span> <span class='ocrx_word' id='word_1_100' title='bbox 397 1781 474 1849; x_wconf 87' lang='lat' dir='ltr'><strong>justo</strong></span> <span class='ocrx_word' id='word_1_101' title='bbox 491 1781 598 1850; x_wconf 73' lang='lat' dir='ltr'><strong>placeat</strong></span> <span class='ocrx_word' id='word_1_102' title='bbox 615 1796 697 1847; x_wconf 86' lang='lat' dir='ltr'><strong>cave;</strong></span> <span class='ocrx_word' id='word_1_103' title='bbox 768 1798 773 1806; x_wconf 92' lang='lat'><strong>·</strong></span> 
     </span>
     <span class='ocr_line' id='line_1_24' title="bbox 250 1855 957 1924; baseline -0.003 -14"><span class='ocrx_word' id='word_1_104' title='bbox 250 1857 378 1921; x_wconf 80' lang='lat' dir='ltr'><strong>Quamvis</strong></span> <span class='ocrx_word' id='word_1_105' title='bbox 396 1872 450 1909; x_wconf 87' lang='lat' dir='ltr'><strong>non</strong></span> <span class='ocrx_word' id='word_1_106' title='bbox 462 1857 536 1910; x_wconf 80' lang='lat' dir='ltr'><strong>&#39;alins</strong></span> <span class='ocrx_word' id='word_1_107' title='bbox 554 1857 665 1910; x_wconf 86' lang='lat' dir='ltr'><strong>flectere</strong></span> <span class='ocrx_word' id='word_1_108' title='bbox 683 1872 784 1924; x_wconf 90' lang='lat' dir='ltr'><strong>equum</strong></span> <span class='ocrx_word' id='word_1_109' title='bbox 801 1855 888 1909; x_wconf 86' lang='lat' dir='ltr'><strong>sciens</strong></span> <span class='ocrx_word' id='word_1_110' title='bbox 934 1868 957 1908; x_wconf 78' lang='lat' dir='ltr'><strong>aa</strong></span> 
     </span>
     <span class='ocr_line' id='line_1_25' title="bbox 194 1931 950 2001; baseline -0.004 -15"><span class='ocrx_word' id='word_1_111' title='bbox 194 1965 197 1974; x_wconf 56' lang='grc' dir='ltr'><em>ι</em></span> <span class='ocrx_word' id='word_1_112' title='bbox 229 1936 348 2001; x_wconf 80' lang='lat' dir='ltr'><strong>&#39;Aeque</strong></span> <span class='ocrx_word' id='word_1_113' title='bbox 366 1932 532 2000; x_wconf 83' lang='lat' dir='ltr'><strong>conspicitur</strong></span> <span class='ocrx_word' id='word_1_114' title='bbox 548 1931 670 2000; x_wconf 85' lang='lat' dir='ltr'><strong>gramine</strong></span> <span class='ocrx_word' id='word_1_115' title='bbox 688 1931 796 1999; x_wconf 86' lang='lat' dir='ltr'><strong>Martio,</strong></span> <span class='ocrx_word' id='word_1_116' title='bbox 947 1931 950 1936; x_wconf 83' lang='lat'>&#39;</span> 
     </span>
     <span class='ocr_line' id='line_1_26' title="bbox 283 2007 695 2076; baseline -0.005 -14"><span class='ocrx_word' id='word_1_117' title='bbox 283 2007 309 2062; x_wconf 86' lang='lat' dir='ltr'>N</span> <span class='ocrx_word' id='word_1_118' title='bbox 312 2023 343 2060; x_wconf 89' lang='lat' dir='ltr'><strong>eo</strong></span> <span class='ocrx_word' id='word_1_119' title='bbox 360 2009 502 2076; x_wconf 86' lang='lat' dir='ltr'><strong>quisquam</strong></span> <span class='ocrx_word' id='word_1_120' title='bbox 520 2007 590 2061; x_wconf 90' lang='lat' dir='ltr'><strong>citus</strong></span> <span class='ocrx_word' id='word_1_121' title='bbox 608 2022 695 2076; x_wconf 88' lang='lat' dir='ltr'><strong>aeque</strong></span> 
     </span>
     <span class='ocr_line' id='line_1_27' title="bbox 318 2082 636 2139; baseline -0.009 0"><span class='ocrx_word' id='word_1_122' title='bbox 318 2082 404 2139; x_wconf 68' lang='lat' dir='ltr'><strong>utero</strong></span> <span class='ocrx_word' id='word_1_123' title='bbox 422 2083 536 2136; x_wconf 88' lang='lat' dir='ltr'><strong>denatat</strong></span> <span class='ocrx_word' id='word_1_124' title='bbox 552 2083 636 2137; x_wconf 87' lang='lat' dir='ltr'><strong>alveo.</strong></span> 
     </span>
    </p>
   </div>
   <div class='ocr_carea' id='block_1_3' title="bbox 198 2154 957 2437">
    <p class='ocr_par' dir='ltr' id='par_1_3' title="bbox 198 2154 957 2437">
     <span class='ocr_line' id='line_1_28' title="bbox 198 2154 908 2224; baseline -0.003 -12"><span class='ocrx_word' id='word_1_125' title='bbox 198 2183 201 2190; x_wconf 92' lang='lat'>·</span> <span class='ocrx_word' id='word_1_126' title='bbox 250 2154 343 2212; x_wconf 85' lang='lat' dir='ltr'><strong>Prima</strong></span> <span class='ocrx_word' id='word_1_127' title='bbox 359 2161 439 2211; x_wconf 88' lang='lat' dir='ltr'><strong>nocte</strong></span> <span class='ocrx_word' id='word_1_128' title='bbox 457 2157 568 2210; x_wconf 84' lang='lat' dir='ltr'><strong>domum</strong></span> <span class='ocrx_word' id='word_1_129' title='bbox 586 2156 788 2224; x_wconf 85' lang='lat' dir='ltr'><strong>claudensque</strong></span> <span class='ocrx_word' id='word_1_130' title='bbox 805 2155 835 2211; x_wconf 90' lang='lat' dir='ltr'><strong>in</strong></span> <span class='ocrx_word' id='word_1_131' title='bbox 851 2157 908 2210; x_wconf 88' lang='lat' dir='ltr'><strong>vias</strong></span> 
     </span>
     <span class='ocr_line' id='line_1_29' title="bbox 249 2231 957 2300; baseline -0.004 -14"><span class='ocrx_word' id='word_1_132' title='bbox 249 2231 308 2288; x_wconf 78' lang='lat' dir='ltr'><strong>Sub</strong></span> <span class='ocrx_word' id='word_1_133' title='bbox 325 2238 407 2286; x_wconf 85' lang='lat' dir='ltr'><strong>cantu</strong></span> <span class='ocrx_word' id='word_1_134' title='bbox 425 2233 555 2300; x_wconf 81' lang='lat' dir='ltr'><strong>quomlae</strong></span> <span class='ocrx_word' id='word_1_135' title='bbox 574 2232 683 2300; x_wconf 85' lang='lat' dir='ltr'><strong>despice</strong></span> <span class='ocrx_word' id='word_1_136' title='bbox 701 2231 792 2300; x_wconf 83' lang='lat' dir='ltr'><strong>tibiae,</strong></span> <span class='ocrx_word' id='word_1_137' title='bbox 934 2243 957 2283; x_wconf 83' lang='lat' dir='ltr'><strong>aa</strong></span> 
     </span>
     <span class='ocr_line' id='line_1_30' title="bbox 283 2307 592 2374; baseline -0.003 -13"><span class='ocrx_word' id='word_1_138' title='bbox 283 2307 368 2361; x_wconf 78' lang='lat' dir='ltr'><strong>litte</strong></span> <span class='ocrx_word' id='word_1_139' title='bbox 386 2323 467 2374; x_wconf 87' lang='lat' dir='ltr'><strong>saepe</strong></span> <span class='ocrx_word' id='word_1_140' title='bbox 484 2307 592 2360; x_wconf 86' lang='lat' dir='ltr'><strong>vocanti</strong></span> 
     </span>
     <span class='ocr_line' id='line_1_31' title="bbox 318 2380 662 2437; baseline 0.006 -2"><span class='ocrx_word' id='word_1_141' title='bbox 318 2380 423 2436; x_wconf 81' lang='lat' dir='ltr'><strong>Duram</strong></span> <span class='ocrx_word' id='word_1_142' title='bbox 441 2381 557 2436; x_wconf 86' lang='lat' dir='ltr'><strong>difficilis</strong></span> <span class='ocrx_word' id='word_1_143' title='bbox 576 2398 662 2437; x_wconf 89' lang='lat' dir='ltr'><strong>mane.</strong></span> 
     </span>
    </p>
   </div>
   <div class='ocr_carea' id='block_1_4' title="bbox 489 2521 576 2576">
    <p class='ocr_par' dir='ltr' id='par_1_4' title="bbox 489 2521 576 2576">
     <span class='ocr_line' id='line_1_32' title="bbox 489 2521 576 2576; baseline 0.011 -1"><span class='ocrx_word' id='word_1_144' title='bbox 489 2521 576 2576; x_wconf 85' lang='lat' dir='ltr'><strong>VIII.</strong></span> 
     </span>
    </p>
   </div>
   <div class='ocr_carea' id='block_1_5' title="bbox 215 2602 960 3181">
    <p class='ocr_par' dir='ltr' id='par_1_5' title="bbox 215 2602 960 3181">
     <span class='ocr_line' id='line_1_33' title="bbox 249 2602 835 2673; baseline -0.005 -14"><span class='ocrx_word' id='word_1_145' title='bbox 249 2602 372 2659; x_wconf 70' lang='lat' dir='ltr'><strong>Murrus</strong></span> <span class='ocrx_word' id='word_1_146' title='bbox 390 2603 497 2658; x_wconf 84' lang='lat' dir='ltr'><strong>caelebs</strong></span> <span class='ocrx_word' id='word_1_147' title='bbox 515 2605 582 2672; x_wconf 89' lang='lat' dir='ltr'><strong>quid</strong></span> <span class='ocrx_word' id='word_1_148' title='bbox 598 2620 676 2672; x_wconf 86' lang='lat' dir='ltr'><strong>agam</strong></span> <span class='ocrx_word' id='word_1_149' title='bbox 695 2603 835 2673; x_wconf 85' lang='lat' dir='ltr'><strong>Kalendis,</strong></span> 
     </span>
     <span class='ocr_line' id='line_1_34' title="bbox 215 2679 787 2742; baseline 0.002 -12"><span class='ocrx_word' id='word_1_150' title='bbox 215 2719 219 2730; x_wconf 89' lang='lat'>.</span> <span class='ocrx_word' id='word_1_151' title='bbox 250 2679 324 2742; x_wconf 77' lang='lat' dir='ltr'><strong>Quid</strong></span> <span class='ocrx_word' id='word_1_152' title='bbox 340 2679 426 2733; x_wconf 86' lang='lat' dir='ltr'><strong>velint</strong></span> <span class='ocrx_word' id='word_1_153' title='bbox 443 2679 524 2732; x_wconf 87' lang='lat' dir='ltr'><strong>flores</strong></span> <span class='ocrx_word' id='word_1_154' title='bbox 542 2683 572 2733; x_wconf 93' lang='lat' dir='ltr'><strong>et</strong></span> <span class='ocrx_word' id='word_1_155' title='bbox 589 2695 682 2733; x_wconf 85' lang='lat' dir='ltr'><strong>acerra</strong></span> <span class='ocrx_word' id='word_1_156' title='bbox 698 2679 787 2731; x_wconf 91' lang='lat' dir='ltr'><strong>thuris</strong></span> 
     </span>
     <span class='ocr_line' id='line_1_35' title="bbox 250 2751 786 2822; baseline 0.004 -16"><span class='ocrx_word' id='word_1_157' title='bbox 250 2751 336 2808; x_wconf 86' lang='lat' dir='ltr'><strong>Plena</strong></span> <span class='ocrx_word' id='word_1_158' title='bbox 352 2753 465 2820; x_wconf 87' lang='lat' dir='ltr'><strong>miraris,</strong></span> <span class='ocrx_word' id='word_1_159' title='bbox 483 2753 642 2822; x_wconf 82' lang='lat' dir='ltr'><strong>positusque</strong></span> <span class='ocrx_word' id='word_1_160' title='bbox 660 2753 740 2807; x_wconf 82' lang='lat' dir='ltr'><strong>carbo</strong></span> <span class='ocrx_word' id='word_1_161' title='bbox 757 2753 786 2808; x_wconf 91' lang='lat' dir='ltr'><strong>iu</strong></span> 
     </span>
     <span class='ocr_line' id='line_1_36' title="bbox 285 2827 499 2895; baseline -0.009 -13"><span class='ocrx_word' id='word_1_162' title='bbox 285 2827 413 2895; x_wconf 83' lang='lat' dir='ltr'><strong>anspite</strong></span> <span class='ocrx_word' id='word_1_163' title='bbox 431 2828 499 2893; x_wconf 86' lang='lat' dir='ltr'><strong>vivo,</strong></span> 
     </span>
     <span class='ocr_line' id='line_1_37' title="bbox 250 2899 960 2969; baseline -0.004 -13"><span class='ocrx_word' id='word_1_164' title='bbox 250 2899 340 2956; x_wconf 84' lang='lat' dir='ltr'><strong>Docte</strong></span> <span class='ocrx_word' id='word_1_165' title='bbox 358 2917 495 2956; x_wconf 87' lang='lat' dir='ltr'><strong>sermones</strong></span> <span class='ocrx_word' id='word_1_166' title='bbox 511 2901 654 2969; x_wconf 87' lang='lat' dir='ltr'><strong>utriusque</strong></span> <span class='ocrx_word' id='word_1_167' title='bbox 671 2899 797 2967; x_wconf 81' lang='lat' dir='ltr'><strong>linguael</strong></span> <span class='ocrx_word' id='word_1_168' title='bbox 944 2911 960 2958; x_wconf 72' lang='lat' dir='ltr'><strong>a</strong></span> 
     </span>
     <span class='ocr_line' id='line_1_38' title="bbox 224 2973 765 3042; baseline -0.002 -14"><span class='ocrx_word' id='word_1_169' title='bbox 224 3006 228 3011; x_wconf 91' lang='lat'><strong>·</strong></span> <span class='ocrx_word' id='word_1_170' title='bbox 250 2974 388 3035; x_wconf 83' lang='lat' dir='ltr'><strong>Voveram</strong></span> <span class='ocrx_word' id='word_1_171' title='bbox 405 2975 499 3029; x_wconf 86' lang='lat' dir='ltr'><strong>dulces</strong></span> <span class='ocrx_word' id='word_1_172' title='bbox 517 2975 610 3042; x_wconf 89' lang='lat' dir='ltr'><strong>epulas</strong></span> <span class='ocrx_word' id='word_1_173' title='bbox 628 2979 657 3026; x_wconf 91' lang='lat' dir='ltr'><strong>et</strong></span> <span class='ocrx_word' id='word_1_174' title='bbox 674 2973 765 3027; x_wconf 87' lang='lat' dir='ltr'><strong>album</strong></span> 
     </span>
     <span class='ocr_line' id='line_1_39' title="bbox 249 3047 738 3117; baseline -0.02 -11"><span class='ocrx_word' id='word_1_175' title='bbox 249 3047 350 3107; x_wconf 75' lang='lat' dir='ltr'><strong>hibero</strong></span> <span class='ocrx_word' id='word_1_176' title='bbox 368 3067 478 3117; x_wconf 86' lang='lat' dir='ltr'><strong>caprum</strong></span> <span class='ocrx_word' id='word_1_177' title='bbox 495 3063 580 3117; x_wconf 87' lang='lat' dir='ltr'><strong>prope</strong></span> <span class='ocrx_word' id='word_1_178' title='bbox 597 3047 738 3098; x_wconf 85' lang='lat' dir='ltr'><strong>funeratus</strong></span> 
     </span>
     <span class='ocr_line' id='line_1_40' title="bbox 285 3124 482 3181; baseline -0.036 0"><span class='ocrx_word' id='word_1_179' title='bbox 285 3124 403 3181; x_wconf 84' lang='lat' dir='ltr'><strong>Arboris</strong></span> <span class='ocrx_word' id='word_1_180' title='bbox 419 3125 482 3178; x_wconf 86' lang='lat' dir='ltr'><strong>ictu.</strong></span> 
     </span>
    </p>
   </div>
   <div class='ocr_carea' id='block_1_6' title="bbox 0 0 1065 3424">
    <p class='ocr_par' dir='ltr' id='par_1_6' title="bbox 0 0 1065 3424">
     <span class='ocr_line' id='line_1_41' title="bbox 0 0 1065 3424; baseline 0 0"><span class='ocrx_word' id='word_1_181' title='bbox 0 0 1065 3424; x_wconf 95' lang='lat' dir='ltr'><strong> </strong></span> 
     </span>
    </p>
   </div>
  </div>
 </body>
</html>
