2144 3420
146 183 192 232 14⁴
403 143 571 232 vHOR'A'I'II
586 145 718 234 FLAOoI

145 263 240 317 Lautis
257 263 337 318 mene
355 281 438 320 senex
455 264 580 318 manibus
597 265 725 320 currebat
742 269 778 336 et,
796 267 952 332 ‘enum-2
1063 325 1064 330 χ

145 338 218 402 Quid
229 342 287 392 tam
299 357 426 408 magnum
434 341 451 394 i’
464 341 707 407 addens—‘unum
719 359 764 396 me
780 345 884 412 surpite
898 344 993 415 morti,

144 411 196 467 Dis
214 415 313 468 etenim
332 415 410 469 focile
428 419 471 469 est
478 417 492 470 i'
510 416 619 482 orabat;
639 433 720 470 sanus
738 419 863 486 utrisque
887 431 889 435 ’
1006 467 1010 476 ,

146 489 268 544 Auribus
286 496 369 560 atque
386 491 484 556 oculis,
501 495 628 560 mentem,
645 492 697 546 nisi
715 492 856 561 litigiosus,
954 509 995 550 sss
1063 493 1064 554 i

145 564 291 634 Exciperet
305 567 430 620 dominus
443 583 504 620 cum
518 567 657 620 venderet.
693 568 754 621 Hoc
772 585 879 638 quoque
892 569 995 638 vulgus
1063 555 1064 630 i

146 640 310 710 Chrysippus
328 643 405 710 pouit
421 642 537 696 fecunda
554 642 583 695 in
599 646 682 710 gente
701 640 818 698 Meneni.

146 716 295 785 ‘Juppitea
313 718 438 785 ingentes
456 719 503 786 qui
521 717 570 772 das
588 719 739 786 adimisque
757 719 877 787 dolores,’

146 791 237 845 Mater
254 793 294 846 ait
308 795 386 862 pueri
403 809 511 846 menses
524 793 583 862 jam
601 794 721 862 quinque
739 793 871 864 cubantis,

147 867 271 934 ‘Frigida
288 869 311 922 si
328 885 443 937 puerum
461 873 593 937 quartana
610 869 759 937 reliquerit,
777 869 823 926 illo
953 885 994 926 rso

146 941 228 995 Mane
246 943 291 996 dic
309 960 362 1012 quo
379 947 412 998 tu
428 944 525 996 indicis
539 944 646 1012 jejunia
663 944 752 997 nudus
824 1004 825 1008 Ἰ

147 1017 181 1070 In
199 1017 289 1073 Tiberi
307 1019 404 1073 stabit!
442 1020 526 1073 Casus
544 1020 699 1073 medicusve
717 1020 822 1084 levarit¹

147 1094 268 1161 Aegrum
286 1095 487 1164 expraecipiti,
505 1097 593 1148 mater
611 1095 697 1148 delira
714 1094 824 1150 necabit

147 1168 181 1221 In
197 1169 288 1236 gelida
305 1171 389 1223 fixum
406 1171 466 1238 ripa
482 1169 634 1238 febrimque
651 1171 780 1235 reducem

147 1245 240 1308 Quone
258 1245 328 1298 malo
345 1249 463 1298 mentem
481 1247 625 1299 concussa?
645 1245 768 1298 'Timore
787 1245 941 1301 deorum-
953 1262 992 1302 2⁹⁵
1063 1251 1064 1308 i

146 1319 223 1374 Haec
240 1321 306 1374 mihi
325 1319 478 1388 Stertinius,
496 1321 649 1387 sapientum
667 1324 784 1383 octavus,
802 1323 887 1375 amieo

147 1395 336 1461 Armadedit,
353 1395 466 1464 posthac
482 1411 517 1448 ne
535 1395 713 1464 compellerer
730 1396 840 1450 inuitus.
933 1403 943 1416 ‘

147 1471 255 1524 Dixerit
271 1471 395 1524 insanum
414 1471 460 1538 qui
477 1487 521 1524 ms
539 1471 655 1524 totidem
672 1470 766 1525 audiet
785 1476 868 1540 atque

147 1545 292 1614 Respicere
309 1547 401 1614 ignoto
419 1546 506 1598 discet
523 1546 671 1612 pendentia
687 1547 789 1614 tergo.''

146 1619 262 1689 “Stoice,
279 1626 341 1689 post
358 1621 487 1673 damnum
506 1621 544 1674 sie
561 1621 664 1674 vendes
681 1623 771 1674 omnia
791 1621 885 1690 pluris,
903 1665 907 1672 .
955 1641 994 1680 too
1063 1627 1064 1698 i

147 1694 207 1758 Qua
222 1713 267 1749 me
284 1696 406 1762 stultitia,
426 1696 551 1764 quoniam
569 1712 622 1748 non
640 1699 682 1750 est
699 1713 784 1763 genus
801 1713 891 1769 unum,

148 1770 271 1825 Insanire
288 1772 384 1840 putas?
420 1771 478 1838 Ego
495 1787 560 1824 nam
575 1771 670 1824 videor
686 1771 753 1824 mihi
770 1773 872 1826 sanus.’'

148 1846 247 1917 “Quiu,
264 1850 346 1915 caput
363 1847 511 1899 abscissum
528 1846 640 1899 demens
657 1861 719 1900 cum
729 1851 829 1914 ,portat
847 1849 943 1916 Agave

149 1921 214 1976 Nati
230 1921 351 1989 infelicis,
370 1921 421 1974 sibi
439 1925 498 1974 tum
516 1921 618 1974 furiosa
635 1921 775 1976 ridetur'i’'

148 1995 287 2052 “Stultum
305 2014 349 2051 me
366 1998 460 2064 fateor,
477 1997 558 2050 liceat
576 1995 819 2062 concederemus,
954 2014 994 2055 sos

148 2076 242 2142 Atque
259 2071 341 2126 etiam
358 2071 496 2135 insanum3
513 2073 622 2124 tantum
640 2071 690 2124 hoc
708 2071 835 2137 edissere,
854 2087 970 2139 quomo
1063 2091 1064 2112 ³

147 2151 300 2216 Aegrotars
317 2151 396 2216 putes
414 2146 496 2199 enimi
513 2145 610 2199 vitioi”
647 2146 777 2214 “Accipe:
795 2147 911 2214 primum

148 2223 293 2292 Aedificas,
309 2223 360 2276 hoc
378 2226 428 2288 est,
446 2221 539 2289 longos
556 2221 672 2274 imitaris
690 2221 725 2274 ab
743 2221 799 2278 imo

147 2300 195 2353 Ad
212 2315 345 2352 summum
362 2301 437 2351 totus
454 2295 557 2350 moduli
573 2296 714 2364 bipedalis,
733 2301 762 2350 et
778 2297 852 2350 idem
1063 2351 1064 2358 ,

147 2375 266 2442 Corpore
283 2374 412 2442 majorem
429 2371 504 2425 rides
522 2370 656 2424 Turbonis
673 2372 701 2423 in
720 2371 803 2424 armis
956 2389 995 2428 sro
1063 2367 1064 2438 i

147 2451 277 2518 Spiritum
296 2453 325 2502 et
342 2449 486 2500 incessum:
505 2446 552 2514 qui
569 2445 806 2499 ridiculus-minus
823 2446 886 2500 illei
1051 2443 1064 2460 ·’

147 2526 193 2579 An
211 2524 390 2592 quodcunque
406 2521 472 2574 feeit
489 2521 633 2574 Maecenas
650 2526 679 2574 te
698 2535 805 2590 qnoque
822 2537 917 2574 verum
934 2524 981 2575 est

147 2600 264 2653 Tantum
281 2597 440 2652 dissimilem
458 2599 488 2650 et
504 2599 582 2650 tanto
600 2599 706 2649 certare
723 2597 884 2650 minoremi·
942 2597 948 2606 ‘

147 2673 281 2729 Absentis
298 2689 379 2726 ranae
396 2671 477 2740 pullis
494 2671 572 2724 vituli
589 2671 661 2738 pede
678 2670 787 2738 pressis,
836 2725 840 2732 ,

147 2749 227 2802 Unus
243 2748 291 2802 ubi
308 2747 409 2815 effugit,
427 2745 508 2798 matri
526 2745 660 2810 desumat
678 2749 710 2798 ut
727 2745 823 2812 ingens
955 2761 996 2802 ers

149 2823 244 2877 Bellua
261 2825 388 2890 cognatos
405 2820 515 2874 eliserit.
551 2819 603 2872 Illa
620 2837 729 2887 rogare:

150 2899 319 2961 ‘Quantunei
336 2913 401 2950 num
418 2894 540 2961 tantum,’
561 2895 669 2947 sufflans
687 2912 724 2962 se,
743 2895 853 2962 ‘magna
868 2894 994 2950 fuisseti’
1063 2927 1064 2964 r

148 2973 250 3039 ‘Major
267 2971 391 3024 dimidio?
429 2971 514 3022 ‘Num
532 2969 633 3024 tantoi’
670 2970 739 3024 Cum
756 2971 842 3037 magis
860 2975 944 3039 atque
974 2975 977 2979 '
1063 2965 1064 3030 i

149 3045 184 3097 Se
201 3046 286 3112 magis
302 3045 417 3111 inflaret,
436 3044 471 3096 ‘N
474 3060 508 3096 on
528 3044 551 3095 si
569 3047 597 3096 te
615 3044 736 3112 ruperis,'
754 3045 852 3114 inquit,

149 3118 215 3170 ‘Par
232 3119 299 3170 eris!
335 3118 413 3170 Haeo
429 3133 446 3169 a
463 3121 492 3170 te
510 3134 561 3169 non
581 3119 696 3170 multum
714 3119 821 3173 abludit
838 3121 935 3187 imago.
956 3134 996 3177 m

149 3191 231 3246 Adde
248 3195 373 3260 poemata
390 3207 469 3257 nunc,
487 3191 538 3244 hoc
555 3196 604 3260 est,
622 3192 710 3246 oleum
728 3193 802 3248 adds
818 3194 939 3265 eamino;
