2144 3420
367 454 695 526 EPISTOLARUM

293 687 452 748 LIBER
485 687 776 748 SECUNDUS.

520 927 537 980 1

112 1003 178 1059 Suu
195 1009 238 1061 tot
255 1008 389 1062 sustineas
405 1013 435 1063 et
450 1012 529 1063 tanta
544 1009 654 1077 negotia
670 1008 752 1076 solus,

113 1078 168 1133 Res
188 1081 271 1136 Italas
289 1085 371 1136 armis
387 1085 494 1150 tuteris,
512 1084 632 1136 moribus
650 1100 739 1150 ornes,

112 1154 231 1223 Legibus
248 1151 384 1226 emendes,
401 1160 429 1211 in
446 1159 554 1226 publiea
570 1158 710 1212 commoda
727 1161 838 1227 peee'em

113 1230 142 1283 Si
159 1231 239 1299 longo
256 1248 379 1285 sermone
396 1249 487 1286 morer
503 1238 553 1287 tua
569 1237 699 1301 tempora,
718 1233 825 1286 Caesar.

113 1303 244 1360 Romulus
261 1312 291 1360 et
308 1307 391 1360 Liber
407 1312 486 1375 pater
503 1311 533 1361 et
550 1324 611 1361 eum
630 1308 742 1361 Castore
761 1308 866 1374 Pollux,
948 1322 964 1364 s

113 1379 180 1434 Post
196 1382 317 1450 ingentia
333 1383 405 1435 faeta
422 1383 534 1436 deorum
551 1383 579 1436 in
597 1382 699 1450 templa
714 1383 826 1451 recepti,

112 1455 185 1510 Dum
203 1462 290 1512 terras
308 1458 499 1524 hominumque
516 1458 607 1511 colunt
623 1473 715 1524 genus,
732 1474 828 1526 aspera
845 1457 917 1511 bella

113 1530 291 1600 componunt,
309 1549 389 1602 agros
405 1533 550 1600 assignant,
567 1532 666 1600 oppida
683 1531 810 1598 condunt,

113 1604 256 1661 Ploravere
274 1609 330 1660 suis
347 1625 400 1660 non
418 1607 581 1674 respondere
599 1607 717 1658 favorem
761 1635 766 1647 ι

113 1679 257 1748 Speratum
274 1683 388 1737 meritis.
422 1682 516 1734 Diram
534 1681 581 1748 qui
598 1679 722 1733 contudit
737 1679 853 1748 hydram
934 1702 962 1740 ιο

27 1791 31 1798 -
113 1753 138 1807 N
141 1760 240 1826 otaque
257 1757 333 1811 fatali
349 1761 477 1825 portenta
494 1755 586 1808 labore
605 1754 721 1822 subegit,

113 1829 252 1900 ComperIt
268 1833 397 1885 invidiam
416 1847 540 1899 supremo
557 1831 611 1883 line
630 1828 740 1884 domari.

112 1904 177 1959 Urit
194 1907 265 1960 enim
282 1908 387 1976 fulgore
404 1923 453 1959 suo
470 1906 517 1974 qui
533 1908 694 1973 praegravat
711 1907 785 1959 artes

113 1979 190 2034 Infra
207 1999 236 2035 se
252 1983 369 2049 positas;
386 1981 536 2036 exstinctus
554 1979 688 2033 amabitur
705 1978 785 2032 idem
1068 2047 1069 2050 Ἰ

113 2054 256 2110 Praesenti
273 2056 324 2110 tibi
341 2061 462 2109 maturos
480 2055 610 2122 largimur
627 2054 749 2119 honores,
932 2063 961 2108 1⁵

112 2130 132 2183 J
134 2132 305 2199 urendasque
322 2135 400 2184 tuum
418 2147 467 2198 per
484 2147 582 2183 nomen
599 2131 723 2198 ponimus
740 2143 809 2196 aras,

113 2205 160 2259 Nil
178 2206 310 2259 oriturum
326 2206 399 2272 alias,
417 2205 456 2258 nil
474 2210 563 2258 ortum
581 2205 636 2258 tale
654 2204 778 2257 fatentes.

113 2280 169 2334 Sed
185 2285 250 2335 tuus
267 2281 311 2334 hio
328 2280 449 2350 populus,
468 2281 577 2347 sapiens
594 2283 623 2332 et
637 2279 729 2346 justus
746 2277 775 2330 in
792 2291 853 2345 uno,

113 2356 151 2410 'Fe
168 2357 270 2410 nostris
287 2356 407 2422 ducibus,
426 2360 455 2408 te
473 2354 562 2407 Graiis
579 2351 762 2417 anteferenda,

113 2432 212 2486 Cetera
228 2447 398 2500 nequaquam
417 2429 497 2486 simili
514 2429 621 2482 ratione
638 2427 772 2494 modoque

113 2508 258 2574 Aestimat,
276 2510 305 2559 et
322 2505 373 2558 nisi
391 2521 461 2574 quae
478 2504 559 2557 terris
577 2507 680 2556 semota
698 2502 807 2570 suisque
1065 2529 1066 2546 r

113 2582 289 2651 Temporibus
307 2580 434 2634 defuncta
451 2578 534 2646 videt,
550 2577 658 2632 fastidit
675 2580 704 2630 et
722 2577 797 2641 odit;
1065 2547 1066 2607 l

112 2657 157 2712 Sie
173 2659 264 2711 fautor
279 2660 402 2710 veterum
419 2657 451 2708 ut
468 2653 575 2707 tabulas
593 2668 706 2721 peecare
723 2653 849 2705 vetantes

112 2732 185 2795 Quas
203 2731 244 2786 bis
262 2729 449 2800 quinqueviri
467 2732 621 2795 sanxerunt,
639 2726 750 2780 foedera
768 2740 865 2793 regum

112 2804 165 2858 Vel
183 2806 277 2858 Gabiis
294 2805 337 2858 vel
355 2821 416 2858 cum
433 2803 528 2870 rigidis
545 2806 662 2870 aequata
680 2800 797 2870 Sabinis,
935 2820 961 2860 m
1062 2797 1064 2804 “

113 2878 274 2932 Pontificum
291 2879 385 2948 libros,
399 2893 499 2930 annosa
515 2877 650 2929 volumina
667 2879 769 2942 vatum,
835 2941 838 2948 ,
1061 2813 1064 2973 1

112 2949 229 3004 Dietitet
247 2952 352 3004 Albano
370 2951 463 3004 Musas
479 2951 508 3004 in
525 2955 618 3002 monte
635 2950 747 3002 locutas.

112 3022 142 3077 Si
159 3025 223 3090 quia
240 3025 403 3077 Graecorum
421 3029 485 3077 sunt
500 3024 688 3091 antiquissima
706 3041 832 3092 quaeque

110 3095 220 3161 Scripta
237 3096 279 3147 vel
297 3098 400 3162 optima
417 3097 531 3149 Romani
547 3102 695 3164 pensantur
713 3099 810 3152 eadem

89 3167 93 3176 ’
112 3167 265 3234 Scriptores
282 3171 391 3236 trutina,
410 3185 463 3221 non
480 3174 523 3223 est
540 3169 614 3238 qu'od
630 3171 720 3228 multa
737 3172 894 3242 loquamuta
936 3189 964 3232 ³⁰
