2126 3410
13 149 15 224 l
337 149 557 226 ,muraneum
573 156 597 204 1.
616 159 639 204 e.
870 152 917 200 nr

13 225 14 268 Ῐ
66 231 164 288 'lerret
181 233 237 287 fixa
253 236 384 302 vetatque
401 237 478 289 novis
495 237 636 289 considere
654 235 680 286 in
699 231 794 285 hortis.
855 297 858 302 .

67 307 129 362 Huc
147 309 224 376 prius
241 311 363 376 angrrstis
381 310 470 378 ejecta
487 311 620 364 cadavera
635 309 709 362 cellis

13 441 14 460 ἢ
67 381 219 436 Conservus
237 384 285 436 vili
302 386 437 452 portanda
453 386 561 440 locabat
578 387 607 438 in
623 401 692 438 arca

68 455 127 510 Hoc
145 459 260 511 miserae
277 459 350 527 plebi
369 461 461 515 stabat
478 477 619 515 commune
638 459 799 528 sepulcrum,
893 471 914 512 ιο

13 547 15 614 p
67 529 215 586 Pantolabo
233 551 342 588 scurrae
359 535 585 604 Nomentanoque
600 535 707 603 nepoti:

67 605 142 660 Mille
159 609 245 676 pedes
262 609 291 661 in
308 609 405 678 fronte,
424 615 561 665 trecentos
579 613 674 680 cippus
691 612 719 663 in
737 625 833 676 agrum

13 751 14 756 Ἰ
67 681 120 734 Hic
137 682 238 736 dabat:
259 683 387 744 Heredes
404 691 609 740 monumentum
626 704 662 740 ne
680 688 847 754 sequeretur.

67 753 144 811 Nunc
161 759 226 812 licet
246 759 373 826 Esquiliis
391 761 516 815 habitare
534 760 687 814 salubribus
703 765 787 827 atque

13 837 14 858 l
67 833 176 904 Aggere
194 833 223 886 in
240 835 331 902 aprico
350 835 468 903 spatiari,
487 833 541 904 quo
559 835 639 888 modo
656 835 752 888 tristes
891 845 913 886 lt

67 899 143 962 Albis
160 909 304 962 informem
323 911 483 979 spectabam
501 910 606 964 ossibus
623 925 734 976 agrum;

13 987 14 990 ’
67 981 132 1035 (lum
149 984 287 1040 mihinon
305 987 412 1038 tanturn
429 985 558 1053 furesque
576 986 705 1054 feraeque
724 986 818 1038 suetae

67 1056 145 1111 Hune
164 1077 263 1114 vexare
281 1060 369 1132 locum
386 1078 467 1115 curae
485 1065 549 1114 sunt
566 1065 650 1128 atque
667 1059 761 1127 labori,

68 1133 202 1196 Quantum
220 1133 384 1188 carminibus
403 1153 473 1204 quae
490 1140 600 1189 versant
618 1139 701 1203 atque
720 1135 830 1188 venenis

67 1206 205 1262 Humanos
223 1211 334 1264 animos.
370 1211 429 1264 Has
448 1211 521 1264 nullo
537 1211 654 1278 perdere
671 1227 782 1278 possum
889 1225 912 1266 aa

65 1281 120 1336 Nec
136 1285 285 1352 prohibere
303 1285 391 1352 modo,
410 1287 490 1339 simul
508 1303 539 1338 ac
557 1303 624 1354 vaga
642 1286 706 1338 luna
723 1285 853 1340 decorum

65 1355 180 1412 Protulit
198 1375 236 1426 os,
255 1361 321 1428 quin
338 1377 399 1414 ossa
416 1361 510 1428 legant
528 1361 680 1428 herbasque
697 1365 833 1415 nocentes.

65 1431 127 1486 Vidi
147 1438 258 1501 egomet
277 1429 354 1502 nigra
373 1437 536 1489 succinctam
554 1435 655 1488 vadere
673 1435 746 1502 palla
801 1418 816 1450 Γ

65 1507 203 1562 Canidiam
222 1509 338 1576 pedibus
356 1512 438 1564 nudis
458 1527 594 1579 passoque
613 1510 717 1578 capillo,

65 1583 129 1636 Onm
149 1583 257 1651 Sagana
274 1585 377 1652 majore
396 1587 561 1640 ululantem:
583 1585 669 1654 pallor
688 1589 819 1652 utrasque
888 1599 912 1640 ιε

64 1655 177 1713 Fecerat
196 1659 345 1714 horrendas
364 1661 502 1728 adspectu
537 1659 663 1727 Scalpere
683 1663 785 1713 terram

64 1723 206 1801 Unguibus
226 1738 256 1788 et
274 1736 375 1803 pullam
395 1737 526 1790 divellere
545 1735 682 1788 mordicus
701 1739 797 1802 agnam

13 1859 14 1868 ,
64 1807 217 1882 Coeperunt
227 1831 234 1875 ;
253 1827 332 1863 cruor
350 1811 378 1863 in
396 1811 496 1864 fossam
515 1811 640 1864 confusus
659 1819 691 1864 ut
710 1810 774 1864 inde

64 1882 156 1938 Manes
174 1884 313 1951 elicerent,
327 1886 431 1940 animas
450 1903 579 1954 responsa
598 1885 717 1939 daturas.

64 1955 153 2012 Lanea
173 1963 203 2012 et
224 1960 328 2026 efligies
347 1963 414 2027 erat,
434 1961 521 2014 altera
539 1977 633 2013 cerea:
653 1960 740 2027 major
888 1976 912 2016 so

63 2025 160 2100 Lanea,
179 2050 250 2101 qnae
267 2035 361 2102 poenis
381 2039 566 2103 compesceret
584 2034 755 2100 inferiorem3

65 2107 148 2162 Cerea
166 2107 326 2176 suppliciter
345 2107 436 2162 stabat
456 2110 598 2163 servilibus
617 2113 650 2162 ut
668 2126 739 2178 quae
834 2167 840 2176 4

64 2181 125 2236 lam
145 2184 269 2250 peritura
287 2184 383 2238 modis.
419 2185 544 2238 Hecaten
563 2187 641 2238 vocat
660 2185 754 2250 altera,
776 2199 883 2239 saevam

64 2257 160 2311 Altera
179 2258 361 2326 Tisiphonen;
379 2264 521 2328 serpentes
540 2264 624 2328 atque
641 2260 751 2314 videres
884 2309 889 2318 .

64 2330 187 2385 laternas
206 2349 298 2386 errare
317 2349 404 2402 canes,
424 2335 582 2403 lunamque
600 2334 744 2388 rubentem
888 2349 911 2390 rs

65 2406 105 2461 lle
123 2408 195 2462 foret
213 2409 256 2462 bis
275 2409 355 2462 testis
374 2412 436 2478 post
455 2426 553 2476 magna
570 2409 657 2462 latere
677 2408 801 2478 sepulcra
902 2420 906 2430 ’

65 2479 182 2554 Mentior
201 2487 230 2536 at
249 2483 272 2535 si
293 2483 360 2552 quid
378 2483 480 2536 merdis
499 2488 580 2558 caput
598 2484 723 2552 inquiner
741 2483 810 2537 albis

66 2553 219 2624 (terrorum,
235 2561 319 2626 atque
337 2559 365 2610 in
384 2575 428 2612 me
447 2559 537 2612 veniat
556 2559 667 2612 mictum
686 2563 768 2627 atque
787 2561 909 2612 cacatum

66 2629 154 2686 lulius
172 2636 202 2686 et
222 2632 327 2700 fragilis
346 2632 471 2688 Pediatia
488 2634 587 2702 furque
605 2632 738 2686 Vorenus.

65 2705 174 2776 Singula
185 2707 253 2776 qnid
264 2723 412 2762 memorem
419 2710 438 2763 l'
450 2725 504 2777 quo
515 2712 596 2777 pacto
608 2709 712 2761 alterna
720 2707 863 2776 loquentes
886 2724 910 2763 ro

66 2780 184 2836 Umbrae
203 2795 265 2836 eum
285 2783 392 2850 Sagana
410 2787 568 2837 resonarent
587 2783 668 2836 triste
679 2786 708 2836 et
724 2789 840 2854 acutum,
890 2797 894 2805 ’

67 2855 156 2926 thue
173 2857 230 2926 lupi
246 2857 363 2919 'barbam
382 2859 473 2912 variae
490 2875 552 2912 cum
571 2857 654 2911 dente
673 2857 799 2912 colubrae
865 2872 871 2882 ’

66 2929 230 2986 abdiderint
248 2933 343 2987 furtim
362 2934 454 2999 terris,-
469 2937 499 2987 et
516 2935 633 3000 imagine
652 2949 731 2986 cerea
840 2997 842 3001 Ι

65 3005 175 3074 largior
194 3007 293 3064 arserit
312 3009 388 3076 ignis,
409 3012 439 3062 et
457 3008 562 3062 utnon
581 3009 660 3062 testis
680 3009 783 3064 inultus

67 3078 225 3134 Horruerim
244 3098 324 3136 voces
344 3083 488 3136 Furiarum
507 3085 537 3134 et
554 3082 627 3134 facta
645 3081 774 3152 duarum:
886 3099 910 3140 45

34 3137 132 3211 ''Nam
149 3156 269 3226 displosa
287 3163 365 3212 sonat
380 3154 514 3227 ¹quantum
532 3156 619 3211 uesica
636 3153 739 3226 pepedi
