2116 3424
350 109 550 159 cARMINUM
567 109 620 159 ΙΠ.
638 110 662 161 2.

255 187 389 253 Culpants
406 203 476 239 nuno
493 188 628 240 torrentia
644 202 724 254 agros

289 261 386 315 Sidera
403 278 474 314 nune
491 262 596 316 hiemes
612 263 727 330 iniquus.

213 336 367 396 ,Contracta
383 337 470 404 pisces
487 353 606 404 aequora
623 335 755 390 sentiunt¹

219 411 309 466 Jaotis
325 411 354 463 in
371 412 457 464 altum
475 411 604 475 molibus;
621 411 674 464 huo
691 411 818 479 frequens

222 551 224 555 Ι
256 485 403 539 (laementa
419 485 541 538 demittit
558 485 717 554 redemptor
908 503 933 542 ss

289 560 482 645 CumJamulis
499 560 518 612 d
565 561 571 571 ‘
592 576 689 634 usque,
695 563 788 629 terrae

220 633 399 690 Fadidiosus.
434 616 539 688 ffid'l‘i
568 651 599 686 or
616 641 645 687 et
664 635 757 690 Minae

220 709 361 765 §eandum
377 709 475 762 eodem
510 725 529 760 u
564 709 696 774 dominus,
712 725 803 778 neque

256 783 373 837 Deoedit
385 767 484 872 peritia
491 726 614 861 {rhemi
633 787 662 837 et

242 905 246 914 .
290 858 356 910 Post
373 859 494 926 equitem
512 858 591 910 sedet
608 862 669 910 atra
687 857 767 912 Oura
905 871 929 912 re

220 931 325 994 Quodsi
343 932 481 985 dolentem
498 948 548 985 neo
567 933 700 1000 Phrygius
716 932 785 1001 lapis

220 1006 248 1060 N
250 1023 280 1058 ee
297 1023 478 1074 purpurarum
495 1007 586 1060 sidere
603 1008 700 1060 clarior

256 1080 366 1134 Delenit
382 1098 448 1150 risus
464 1097 515 1152 neo
533 1081 648 1135 Falerna

291 1155 364 1208 Vitis
382 1155 649 1224 Achaemenimnque
666 1159 769 1212 oostum

222 1229 280 1284 eur
296 1229 449 1283 invidendis
466 1231 589 1298 postibus
607 1233 636 1284 et
653 1246 722 1285 novo
906 1253 929 1296 ω

222 1303 345 1359 Sublime
361 1305 416 1357 ritu
433 1304 529 1357 moliar
545 1305 663 1359 atriuml

258 1377 313 1432 Gur
329 1378 398 1431 valle
415 1381 569 1444 permutem
588 1379 689 1434 Sabina

183 1481 186 1486 ·
290 1452 405 1506 Divitias
423 1453 609 1521 operosioresl

259 1744 262 1752 ,
496 1647 655 1764 iutilia
672 1653 730 1758 tt

221 1750 361 1822 Bubasius
420 1693 632 1828 ‘mihtffzuter

257 1807 409 1896 ffinlliseat,
427 1813 711 1906 etharthosl‘ferdees

289 1899 382 1953 Vexet
399 1916 482 1968 eques
499 1901 663 1954 metuendus
680 1901 766 1967 hasta,
794 1939 797 1942 -

220 1973 368 2041 vitamque
386 1974 436 2027 sub
454 1974 516 2027 divo
534 1977 564 2027 et
580 1975 696 2042 trepidis
713 1978 778 2042 agat
914 1989 928 2033 ⁸

220 2047 256 2102 In
273 2047 361 2102 rebus.
397 2049 479 2101 illum
496 2065 530 2101 ex
547 2049 689 2135 moenihus
706 2049 818 2106 hosticis

255 2121 380 2175 Matrona
396 2105 648 2250 bellantisssyrdnm

289 2197 459 2264 Prospiciens
477 2201 505 2251 et
558 2198 617 2250 ulta
633 2198 709 2265 virgo
788 2232 804 2270 ·.

220 2270 352 2338 Suspiret,
371 2272 447 2338 eheu,
465 2289 499 2325 ne
516 2273 593 2325 rudis
610 2273 748 2339 agminum

219 2345 339 2417 Sponsus
356 2345 470 2398 lacessat
486 2347 578 2414 regius
595 2363 721 2413 asperum
904 2363 927 2405 lt

255 2419 470 2486 Toetuleonem,
488 2436 569 2488 quem
587 2425 701 2474 eruenta

288 2493 342 2562 Per
360 2493 463 2546 medias
480 2495 552 2562 rapit
569 2495 611 2547 ira
627 2496 732 2554 caedes.

324 2569 352 2620 et
422 2584 438 2620 o
709 2570 714 2582 '
811 2571 836 2627 ’r
862 2567 892 2636 <

251 2657 328 2694 orse
387 2658 481 2708 gaeem
498 2643 674 2712 persequitur
691 2643 787 2708 virum,
983 2637 986 2642 ’

253 2713 312 2772 Nec
328 2717 416 2782 pareit
433 2716 550 2770 imbellis
563 2717 696 2788 juventae
903 2727 927 2771 tt

288 2788 439 2856 Poplitibus
457 2791 608 2858 timidoque
625 2795 711 2857 tergo.
796 2827 803 2834 ·

217 2862 317 2916 Virtus
333 2863 457 2930 repulsae
474 2864 564 2917 nescia
582 2865 708 2916 sordidae

217 2937 393 2991 lntaminatis
410 2937 496 3006 fulget
512 2937 666 3002 honoribus,

252 3009 312 3064 Nee
329 3011 412 3062 sumit
429 3017 478 3062 aut
494 3011 571 3077 ponit
588 3024 696 3062 secures

286 3081 411 3136 Arbitrio
428 3081 564 3150 popularis
581 3095 670 3132 aurae.
798 3111 806 3124 ω
897 3093 924 3134 ω

223 1677 378 1762 suffiri
366 1676 488 1826 3310&
