2126 3410
333 144 477 194 EPODON
494 145 612 205 menn,
634 144 671 196 17.
883 146 925 196 iol

45 305 49 312 q
146 225 252 280 Reddit
268 223 317 277 ubi
336 224 464 278 (tererem
481 224 564 278 tellus
580 225 687 280 inarata
705 225 853 294 quotannis

182 300 220 352 Et
236 299 373 366 imputata
391 299 471 352 iloret
489 315 576 366 usquo
594 300 682 366 vinea,

142 373 290 428 Gemrinat
307 378 338 426 et
354 391 492 441 nunquam
509 374 627 426 fallentis
645 379 746 428 termes
764 375 856 441 olivae,
905 391 929 428 r>

181 449 320 517 Suamque
337 449 412 514 pulla
428 449 496 502 ficus
514 453 593 502 ornat
607 449 740 516 arborem,

144 523 231 578 Mella
249 540 315 576 mre
332 527 444 577 manant
462 539 497 578 ex
513 523 583 590 ibeo,
601 524 740 582 montibus
757 523 820 578 altis

181 597 262 651 Levis
279 601 409 666 crepante
426 598 536 666 lympha
553 597 648 651 desilit
664 597 743 667 pede.

146 671 209 727 illie
225 672 346 740 injussae
363 673 477 727 veniunt
494 673 531 726 ad
548 673 665 726 mulctra
681 673 805 740 capellae,

182 747 334 816 Refertque
351 751 430 802 tenta
447 763 515 815 grex
532 747 635 802 amicus
652 747 754 811 ubera;
909 761 919 798 r

146 821 208 876 Nec
225 823 399 890 vespertinus
416 822 604 890 circumgemit
620 839 700 876 ursus
717 822 795 889 ovile,

181 897 281 966 Neque
298 898 455 952 intumescit
473 898 529 952 alta
545 897 645 966 viperis
662 899 767 951 humus.

146 972 285 1040 Pluraque
302 973 394 1026 felices
411 973 587 1026 mirabimur:
611 975 643 1026 ut
660 989 749 1041 neque
767 971 848 1040 largis

182 1047 312 1115 Aquosus
330 1048 420 1110 Eurus
437 1055 503 1100 aira
519 1046 601 1100 radat
618 1047 758 1113 imbribuS,

146 1121 264 1188 Pinguia
280 1138 331 1176 nee
348 1122 425 1175 siccis
442 1125 557 1176 urantur
574 1122 678 1176 semina
695 1122 789 1189 glebis,

181 1195 339 1265 Utrumque
355 1213 422 1264 rege
440 1201 612 1266 temperante
628 1197 763 1250 caelitum.

144 1271 174 1324 N
175 1287 210 1324 on
227 1271 281 1324 huc
298 1272 391 1338 Argoo
408 1271 550 1326 contendit
566 1272 671 1338 remige
687 1271 774 1339 pinus,

182 1346 280 1414 Neque
298 1346 436 1414 impudica
454 1346 561 1400 Colchis
577 1345 671 1400 intulit
687 1345 802 1414 pedem

145 1419 175 1475 N
176 1435 211 1473 on
228 1421 282 1474 huc
300 1420 405 1474 Sidonii
421 1423 562 1475 torserunt
578 1437 678 1474 comus
694 1423 794 1474 nautae

183 1495 331 1550 Laborioss
346 1512 397 1550 nec
414 1496 510 1551 cohors
527 1495 626 1550 Ulixei

145 1569 230 1624 Nulla
247 1574 347 1626 nocent
363 1572 456 1639 pecori
473 1571 605 1639 contagia,
622 1570 722 1624 nullius
739 1569 806 1624 astri

182 1646 300 1713 Gregem
318 1651 443 1700 aestuosa
460 1649 547 1704 torret
564 1646 732 1714 impotentia.

144 1718 278 1787 Juppiter
296 1720 343 1774 illa
358 1721 421 1788 piae
438 1721 555 1776 secrevit
571 1721 665 1774 littora
681 1720 782 1788 genti,¹

182 1794 223 1849 Ut
238 1795 391 1863 inquinavit
407 1812 471 1850 aere
489 1799 597 1864 tempus
615 1813 744 1861 eureum3

145 1869 232 1936 Aere,
249 1869 348 1924 dehinc
363 1870 438 1924 ferro
455 1871 565 1926 durarit
582 1871 684 1936 secula3
701 1881 816 1940 quorum

184 1943 240 1998 Piis
258 1945 378 1999 secunda
394 1949 457 2003 vate
475 1962 520 2002 me
538 1946 620 2002 detur
636 1947 711 2015 fuga.

455 2089 552 2145 XVII.

143 2169 210 2224 Jnrr
224 2168 284 2237 jam
302 2169 403 2229 efficaci
420 2170 456 2226 do
473 2187 568 2226 manus
586 2170 722 2238 scientiae,

146 2245 270 2314 Supplex
288 2248 318 2299 et
333 2261 383 2300 oro
400 2263 487 2314 regna
502 2262 552 2314 per
570 2245 756 2313 Proserpinae,

146 2321 204 2374 Per
221 2332 252 2374 eo
268 2320 372 2375 Dianae
388 2337 443 2374 non
460 2321 593 2374 movenda
610 2319 727 2386 numina,

147 2396 204 2449 Per
220 2399 304 2464 atque
321 2396 406 2450 libros
424 2397 573 2450 carminum
590 2395 737 2448 velentium

147 2470 248 2524 Refixe
264 2471 338 2525 eaelo
356 2471 488 2524 devocare
506 2469 607 2536 sidera,
684 2509 691 2518 .

147 2545 270 2612 Canidia,
287 2561 368 2613 parce
385 2545 495 2599 vocibus
511 2545 623 2598 tandein
641 2544 724 2597 saeris

148 2619 297 2686 (titumque
314 2622 389 2672 retro
406 2619 487 2684 solve,
506 2618 579 2672 solve
596 2617 741 2672 turbinem.

148 2693 239 2747 Movit
255 2696 384 2760 nepotem
403 2693 538 2764 Telephus
557 2693 699 2759 Neretum,

149 2767 185 2820 In
202 2783 285 2836 quem
302 2765 436 2836 superbus
453 2767 593 2822 ordinarat
610 2768 717 2834 agmim

148 2841 290 2910 Mysorum
307 2845 336 2896 et
353 2842 382 2894 in
400 2858 481 2910 quem
499 2843 556 2896 tela
572 2846 652 2896 acuta
669 2841 793 2894 torserat

148 2915 263 2970 Unxere
279 2919 382 2970 matres
401 2915 470 2970 Iliae
488 2915 628 2968 addictum
647 2915 711 2968 ieris
784 2965 789 2973 ,

149 2989 272 3044 Alitibus
290 2993 374 3058 atque
391 2990 503 3044 canibus
520 2989 680 3042 homicidam
701 2989 858 3048 Hectorem,

149 3065 300 3134 Postquam
318 3065 421 3118 relictis
438 3064 579 3120 moenibus
597 3078 646 3114 rex
663 3061 780 3128 procidit

149 3139 215 3194 Heu
232 3137 434 3208 pervicacis—ad
451 3137 535 3202 pedes
554 3134 679 3190 Achillei.
