2126 3410
108 149 152 196 roa
378 121 533 194 neaniai
545 141 676 192 aaroni

106 222 155 276 Nil
171 219 292 276 medium
309 225 358 275 eet.
394 221 464 275 Sunt
481 221 528 290 qui
545 221 632 274 nolint
649 219 843 288 tetigissenisi
857 221 921 276 illae

107 296 227 360 Quarum
244 295 357 350 subsuta
373 295 444 349 talos
460 297 539 362 tegat
555 295 651 349 instita
667 298 759 361 veste;

107 371 209 426 Contra
225 371 293 425 alius
310 370 412 423 nullam
428 369 480 423 nisi
498 369 581 422 olenti
598 370 627 422 in
643 369 745 423 sontica
762 373 888 425 stantem.
925 381 949 420 aa

107 445 223 509 Quidam
240 448 320 500 notus
336 445 416 498 horno
433 461 495 498 cum
512 445 600 498 exiret
616 444 724 510 fornice,
742 443 854 499 “Macte

108 519 219 574 Virtute
237 519 318 586 esto,''
336 519 425 588 inquit
444 520 579 572 sententia
596 519 642 572 dia
660 519 777 573 Catonis.

108 594 178 652 Nam
196 595 275 648 simul
292 607 326 648 ec'
341 611 424 648 venas
441 595 545 648 inflavit
561 597 635 648 tetra
651 593 735 646 libido

108 667 171 721 Huc
184 667 299 736 juvence
316 685 432 736 aequum
449 672 492 722 est
509 668 682 736 descendere,
699 685 753 721 non
771 667 875 722 alienae

108 743 261 796 Pennolere
278 759 383 798 uxores.
418 743 531 798 “Nolim
547 743 704 808 laudarier,”
722 743 818 811 inquit,
921 755 949 799 aa
1059 753 1060 812 ζ

108 817 174 872 “Sic
190 819 256 886 me,”
276 819 389 872 mirator
406 819 485 873 cunni
503 819 668 886 Cupiennius
685 818 747 872 albi.

108 893 213 946 Audire
230 897 273 948 est
290 910 387 962 operae
404 894 530 962 pretium,
547 894 695 962 procedere
713 895 787 946 recte

108 969 161 1032 Qui
178 969 302 1022 moechos
319 985 373 1022 nou
390 967 528 1035 vultis,.ut
546 969 619 1020 omni
635 963 714 1036 parte
730 968 868 1034 laboreut3

107 1042 201 1112 thue
218 1043 271 1096 illis
288 1043 373 1096 multe
391 1046 518 1112 corrupta
535 1042 627 1096 dolore
644 1043 776 1110 voluptas,

108 1118 202 1186 Atque
219 1118 286 1171 haec
302 1135 371 1185 rara,
390 1118 469 1170 cadat
487 1117 555 1170 dura
571 1117 644 1171 inter
662 1133 742 1185 saepe
759 1115 867 1184 pericla
924 1131 950 1172 lo

108 1192 164 1247 Hic
181 1209 210 1246 se
227 1194 402 1262 praecipitem
418 1195 490 1246 tecte
508 1191 601 1257 dedit;
620 1192 666 1245 ille
683 1192 796 1260 flagellis

108 1268 156 1322 Ad
173 1275 288 1322 mortem
306 1284 412 1331 caesus;
429 1266 535 1334 fugiens
553 1267 596 1320 hic
613 1267 716 1320 decidit
733 1283 822 1319 acrem

109 1343 279 1398 Praedonum
290 1343 319 1396 in
330 1343 453 1408 turbam3
471 1341 549 1395 dedit
560 1342 604 1394 hic
614 1359 664 1410 pro
675 1358 786 1410 corpore
797 1357 938 1408 nummoe;

108 1419 190 1473 Hunc
207 1419 411 1487 perminxenmt
427 1417 547 1482 calonem
565 1417 631 1485 quin
648 1418 731 1470 etiam
747 1417 815 1470 illud

108 1495 225 1562 Accidit,
242 1499 274 1547 ut
291 1493 402 1562 quidam
419 1495 505 1546 testes
523 1492 690 1560 caudamque
708 1492 823 1546 salacem
925 1507 951 1547 se

108 1569 268 1624 Demeteret
285 1570 363 1622 ferro.
399 1567 418 1620 J
420 1583 468 1620 ure
486 1583 594 1632 omnes;
612 1567 699 1620 Galba
715 1567 837 1634 negabat

108 1644 203 1698 Tutior
219 1649 249 1698 at
267 1648 367 1712 quanto
384 1659 461 1696 merx
478 1642 566 1696 estin
584 1642 669 1695 classe
687 1642 812 1708 secunda,

109 1719 309 1774 Libertinarum
327 1720 394 1786 dico,
414 1717 557 1772 Sallustius
574 1717 603 1769 iu
620 1733 688 1785 quas

109 1794 135 1847 N
137 1810 171 1847 on
188 1796 277 1848 miuus
294 1795 393 1848 insanit
411 1809 492 1861 quam
509 1793 556 1861 qui
573 1792 737 1846 moechatur.
773 1793 813 1846 At
829 1791 873 1845 hic
890 1791 914 1844 si

67 1869 169 1932 ·Qua
186 1887 237 1938 res,
255 1886 309 1939 qua
325 1870 395 1923 ratio
412 1868 547 1936 suaderet,
565 1883 673 1936 quaque
689 1867 813 1920 modeste
925 1881 951 1919 ee

110 1945 237 1999 Munifico
254 1961 314 1998 esse
330 1945 402 2011 licet,
419 1943 502 1996 vellet
519 1941 605 1995 bonus
622 1946 706 2010 atque
723 1941 857 2008 benignus

110 2019 186 2087 llese,
203 2021 282 2074 daret
299 2023 429 2088 quantum
448 2018 514 2071 satis
531 2020 605 2070 esset
623 2033 672 2070 neo
689 2017 741 2070 sibi
759 2017 858 2069 damno

110 2094 298 2162 Dedecorique
316 2095 394 2148 foret.
429 2092 533 2146 Verum
550 2092 601 2144 hoc
619 2108 648 2145 se
665 2093 837 2160 amplectitur
853 2107 919 2157 uuo,

111 2169 172 2224 Hoc
188 2175 262 2224 amat
279 2173 308 2223 et
325 2169 433 2222 laudat:
452 2167 627 2220 “Matronam
644 2168 744 2220 nullam
761 2183 812 2234 ego
828 2165 931 2234 tango?

110 2244 151 2301 Ut
168 2246 303 2314 quondam
321 2245 468 2308 Marsaeus,
486 2246 590 2295 amator
608 2241 726 2309 Originis
743 2242 795 2307 ille,
925 2253 951 2293 ιε
1059 2233 1060 2240 ’

111 2263 187 2385 Quiq
180 2325 228 2390 pat
229 2320 299 2372 rium
316 2319 414 2371 mimae
432 2317 515 2370 donat
531 2317 699 2384 fundumque
716 2316 862 2384 laremque,

110 2395 180 2448 “Nil
191 2395 274 2450 fuerit
285 2393 330 2461 mi,
330 2392 481 2460 '’inquit“
488 2408 548 2444 cum
560 2391 690 2444 uxoribus
701 2407 820 2458 unquam
832 2388 950 2442 alicnis?

111 2472 214 2524 Verum
232 2473 275 2523 est
291 2485 352 2522 cum
370 2467 466 2533 mimis,
485 2469 527 2519 est
545 2482 606 2518 oum
623 2465 818 2531 meretricibus,
836 2464 909 2516 unde

111 2548 194 2600 Fama
205 2544 305 2598 malum
316 2543 425 2611 gravius
436 2556 517 2611 quam
528 2557 573 2594 res
583 2540 676 2594 trahit.
711 2541 756 2592 An
768 2539 819 2592 tibi
830 2539 938 2591 abunde

111 2623 256 2675 Personam
274 2618 340 2672 satis
357 2620 407 2684 est,
424 2632 477 2669 non
495 2615 563 2668 illud
580 2614 714 2684 quidquid
730 2614 831 2682 ubique
926 2628 951 2666 so

110 2697 200 2750 Officit
216 2695 335 2748 evitaret
325 2691 474 2746 lBonam
492 2689 644 2758 deperdere
661 2690 768 2757 famam,

110 2772 179 2824 Rem
190 2769 277 2839 patris
288 2767 425 2833 oblimare,
437 2765 538 2818 malum
550 2768 593 2818 est
603 2764 765 2832 ubrcunque
795 2761 867 2826 Quid
877 2762 951 2816 mter

110 2845 184 2898 Est'
176 2861 205 2897 ιιι
222 2846 352 2907 matrona,
369 2841 471 2908 ancilla,
489 2855 618 2908 peccesne
635 2839 745 2906 togata?

110 2917 207 2970 Villius
225 2917 254 2969 in
271 2917 373 2970 Fausta
391 2915 480 2967 Sullae
498 2930 588 2980 gener,
606 2913 657 2966 hoo
674 2913 757 2966 miser
773 2927 828 2965 uno

109 2989 135 3042 N
137 2990 226 3042 omino
244 2981 382 3055 deceptus,
399 3003 500 3054 poenas
517 2987 699 3054 deditusque
717 3002 852 3056 superque
928 2999 954 3041 σε

111 3061 197 3124 Quam
214 3061 281 3114 satis
297 3064 347 3125 est,
363 3061 461 3126 pugnis
478 3075 571 3113 caesus
587 3060 714 3128 ferreque
731 3061 842 3127 petitus,

110 3131 242 3186 Euclusus
258 3133 317 3184 fere
333 3147 394 3184 cum
412 3132 588 3200 Longarenus
604 3134 675 3186 foret
692 3133 773 3188 intus.
