2116 3424
402 145 606 196 CARMINUM
623 147 662 198 Π.
680 149 720 196 20.
946 148 976 198 41

305 223 398 292 Vates,
417 241 506 294 neque
524 225 552 278 in
570 226 653 279 terris
670 223 810 278 morabor‘

339 299 464 367 Longius,
484 299 641 368 inulliaque
660 298 748 366 major

268 373 360 429 Urbes
378 375 536 443 relinquam
571 373 634 427 Non
653 391 711 441 ego,
730 389 879 441 pauperum
967 385 981 431 a

269 449 384 517 Sanguis
402 453 554 517 parentum,
575 465 629 502 non
648 465 698 516 ego
717 463 799 516 quern
817 463 904 515 vocas,

304 525 411 579 Dilecta
429 525 580 589 Maecenas,
601 523 682 577 obibo

337 599 396 653 Neo
409 600 509 667 Stygia
527 598 673 652 cohibebor
692 597 773 653 unda

271 673 336 728 «lam
350 674 408 742 jam
426 673 552 726 residunt
570 673 693 726 curribus
710 689 823 740 asperae

228 757 235 770 '
270 747 366 815 Pelles,
385 753 414 802 et
433 747 524 804 album
543 752 634 801 mutor
651 748 679 810 in
699 747 794 801 alitem
956 761 979 803 ιο

304 823 434 890 Super-ne,
451 827 652 891 mouenturque
669 822 742 876 leves

338 897 392 951 Per
411 897 512 966 digitos
532 897 712 968 hrunemsqua
729 897 846 966 plumae.

268 971 333 1026 Jnm
350 972 488 1026 Daedaleo
506 973 579 1026 ocior
599 972 677 1026 lauro
847 1034 850 1042 ¹

269 1047 363 1102 Visam
381 1047 515 1115 gementia
534 1046 628 1103 littora
647 1045 758 1116 Bospori

303 1121 451 1192 Syrteeque
470 1121 599 1176 Gaetulas
617 1137 730 1174 eanoms
958 1133 981 1176 15

335 1195 403 1249 Ales
428 1195 673 1268 Hyperboreosque
691 1213 807 1265 campos

268 1269 317 1324 Me
335 1269 449 1324 Colchus
467 1275 497 1323 et
515 1271 562 1338 qui
582 1270 735 1324 dissimulat
755 1273 859 1326 metum

267 1345 375 1399 Marsae
390 1343 507 1398 eohortis
526 1345 617 1399 Dacus
637 1349 666 1399 et
685 1345 774 1400 ultimi

301 1419 422 1473 Noseent
441 1419 545 1486 Geloni,
563 1435 608 1474 me
626 1419 731 1488 peritus

336 1493 429 1565 Iliscet
449 1492 537 1545 Hiber
558 1493 736 1562 Rhodanique
755 1495 843 1562 potor.
953 1511 979 1552 eo

269 1565 370 1621 Absint
387 1566 461 1619 inani
481 1566 576 1620 itinere
597 1568 694 1622 neniae
841 1623 843 1632 ,

268 1640 422 1709 Luctusque
440 1644 535 1708 tilrpes
555 1645 585 1696 et
604 1640 806 1710 querimoniam

303 1715 448 1782 (lampenae
467 1715 608 1768 clamorem
629 1732 660 1768 ao
679 1715 795 1782 sepulcri

332 1783 419 1846 Mitte
438 1805 616 1859 supervacuos
634 1789 759 1846 honoros.
