2126 3410
108 125 140 170 58
363 124 517 173 HORATII
535 121 664 171 FLAOGI

226 203 388 271 Importuna
404 205 498 254 tamen
516 200 660 269 pauperies
678 199 762 264 abest,

227 278 286 331 Nec
303 277 326 330 si
342 277 421 344 plura
437 276 518 334 ¹velim
537 279 569 328 tu
587 275 653 328 dare
669 274 797 342 deneges.

229 352 374 407 Contracta
392 351 489 404 melius
506 366 589 419 parva
607 349 734 418 cupidine

265 427 417 494 Vectigalia
433 427 578 494 porrigam,
915 443 941 483 4⁰

230 503 317 567 Quam
336 503 358 555 si
376 501 529 570 Mygdoniis
547 517 661 568 regnum
680 500 807 568 Alyattei

234 577 343 646 Campis
360 578 521 631 continuem.
557 576 646 630 Multa
663 575 820 644 petentibus

236 653 343 708 Desunt
359 652 457 706 multa:
476 651 546 705 bene
563 654 607 704 est
624 651 667 704 eui
686 651 755 704 deus
773 649 872 704 obtulit

267 729 352 784 Parca
369 727 443 796 quod
461 725 526 780 satis
544 729 587 780 est
604 741 693 780 manu

458 867 460 874 ’
472 870 568 926 XVII.

235 958 310 1010 Anm
327 955 435 1008 vetusto
452 953 550 1006 nobilis
568 953 604 1007 ab
622 953 714 1020 Lamo,

235 1029 359 1097 (Quando
376 1031 406 1081 et
422 1027 526 1095 priores
542 1028 605 1081 hinc
623 1029 730 1081 Lamias
747 1027 840 1081 ferunt

269 1103 462 1157 Denominatos
481 1105 510 1155 et
527 1106 656 1170 nepotum

257 1205 259 1216 =
305 1177 359 1230 Per
376 1193 509 1230 memores
526 1194 613 1244 genus
630 1195 710 1232 omne
727 1179 820 1244 fastos,

238 1255 359 1308 Auctore
376 1251 412 1305 ab
429 1252 476 1304 illo
494 1253 570 1306 ducis
584 1254 719 1320 originem
934 1265 950 1306 s

238 1328 291 1392 Qui
310 1327 479 1380 Formiarum
496 1328 602 1380 moenia
620 1329 719 1382 dicitur

273 1403 402 1472 Princeps
419 1405 448 1456 et
464 1401 603 1454 innantem
621 1403 740 1459 Maricae

221 1489 224 1498 ¹
307 1476 461 1533 Litteribus·
474 1477 595 1530 tenuisse
614 1477 699 1531 Lirim

239 1554 309 1609 Late
325 1551 463 1622 tyrannus)
482 1567 541 1604 cras
558 1551 630 1605 foliis
646 1570 742 1610 nemus

240 1629 336 1697 Multis
354 1631 382 1681 et
400 1627 461 1694 alga
478 1625 543 1679 litus
560 1627 651 1681 inutili
928 1641 952 1682 ιο

263 1703 399 1758 ·Den1issa
415 1704 564 1768 tempestas
582 1701 616 1753 ab
636 1700 709 1755 Euro
810 1704 813 1717 ’

308 1777 424 1839 Sternet,
442 1789 529 1842 aquae
546 1775 599 1828 nisi
615 1776 685 1833 fallit
702 1791 788 1843 augur
809 1837 810 1840 Ἴ

242 1854 352 1907 Annosa
369 1849 469 1903 cornix.
505 1845 578 1900 Dum
595 1849 667 1916 potis
685 1851 791 1903 aridum

241 1927 377 1991 (tompore
395 1924 510 1990 lignum:
528 1938 588 1976 cras
607 1922 724 1976 Genium
741 1941 816 1978 mero

275 1997 390 2052 (iurabis
407 2001 436 2050 et
453 2012 533 2063 porco
551 1997 675 2050 bimestri
929 2013 954 2055 ιε

309 2071 379 2125 Cum
396 2070 503 2124 famulis
521 2087 634 2140 operum
653 2073 755 2128 solutis
805 2077 807 2080 ’

242 2297 348 2366 raum,
367 2295 555 2366 Nympharum
572 2296 725 2364 fugientum
743 2305 854 2370 amator,

241 2373 296 2426 Per
312 2388 386 2424 meos
404 2372 472 2424 fines
490 2373 519 2424 et
536 2372 626 2438 aprica
644 2387 708 2426 nura
815 2377 817 2384 ’

242 2446 324 2500 Lenis
340 2446 451 2498 incedas
469 2445 605 2514 abeasque
623 2447 714 2515 paruis
813 2453 816 2463 '

276 2520 531 2587 Aequusalumnis,
561 2539 563 2546 ·
811 2580 814 2588 ,

241 2595 271 2649 si
288 2599 367 2646 tener
384 2593 465 2660 pleno
482 2595 556 2648 cadit
573 2595 677 2648 haedus
694 2611 771 2665 anno,
943 2610 960 2653 e
1052 2629 1053 2670 p

242 2669 331 2735 Larga
348 2683 400 2720 nec
417 2668 518 2722 desunt
537 2668 652 2722 Veneris
671 2669 757 2722 sodali

242 2743 314 2796 Vina
331 2743 459 2796 craterae.
495 2742 583 2796 Vetus
600 2759 648 2796 ara
664 2744 751 2797 multo

277 2818 378 2870 Fumat
395 2817 486 2885 odore,

242 2891 326 2944 Ludit
343 2890 458 2942 herboso
474 2907 557 2958 pecus
574 2907 653 2944 omne
670 2907 771 2962 eampo,

243 2966 311 3016 Gum
328 2962 380 3016 tibi
398 2963 492 3015 Nonae
510 2965 628 3016 redeunt
646 2966 826 3032 Decembres3
931 2981 958 3022 le

244 3036 342 3086 Festus
360 3036 388 3086 in
405 3036 492 3100 pratis
509 3040 587 3089 vacat
604 3037 691 3092 otioso

278 3106 346 3158 Cum
362 3106 432 3158 bove
449 3124 531 3174 pagus
540 3129 548 3172 ;
659 3139 663 3146 ·
