2126 3410
527 45 543 76 0

160 151 211 206 ino
436 155 589 207 HORATII
606 155 737 206 anneot

163 234 251 298 Quam
268 250 358 304 neque
374 233 487 288 finitimi·
501 234 644 288 valuerunt
661 234 779 303 perdere
796 235 882 291 Marsi

196 309 311 361 hlinacis
328 311 376 362 aut
396 309 511 362 Etrusca
529 308 665 361 Porsenae
683 324 785 375 manus,

162 383 279 436 Aemula
296 399 347 436 nec
364 383 451 435 virtus
469 383 578 450 Capuae
594 399 646 435 neo
664 383 809 450 Spartacus
823 400 888 439 acer

196 458 222 511 N
224 459 335 526 ovisque
352 458 434 511 rebus
451 457 570 510 infidelis
589 456 728 525 Allobrox,

160 531 188 586 N
189 549 220 587 ec
236 533 294 587 fera
311 533 435 590 caerulea
453 531 558 584 domuit
576 531 723 586 Germania
739 529 812 600 pube

195 607 413 676 Parentibusque
430 605 603 660 abominatus
620 606 766 674 Hannibal,

161 682 250 749 Impia
266 682 412 751 perdemus
430 680 522 734 devoti
540 680 679 748 sangrrinis
696 685 779 750 aetas,

193 757 326 825 Ferisque
343 771 437 809 rursus
448 754 623 823 occupabitur
641 755 735 810 solum.
1001 779 1032 820 10

160 831 297 885 Barbarus
315 833 369 888 beu
386 831 491 884 cineres
507 830 618 884 insistet
634 831 721 884 vietor
738 833 767 885 et
784 830 888 886 Urbem

194 906 284 974 Eques
303 909 415 960 sonante
432 904 589 958 verberabit
605 906 715 975 ungula,

159 980 289 1048 Quaeque
307 984 400 1034 carent
418 980 507 1032 ventis
525 983 554 1032 et
572 979 673 1052 solibus
691 996 752 1033 ossa
770 980 882 1048 Quirini,

193 1055 277 1108 Nefas
293 1055 403 1108 videre!
423 1053 568 1121 dissipabit
584 1053 709 1108 insolens.

158 1128 242 1182 Forte
259 1129 326 1198 qnid
343 1128 471 1196 expediat
488 1129 666 1182 communiter
683 1131 730 1182 ant
747 1129 843 1184 melior
859 1142 922 1196 pars
991 1151 1024 1190 η

150 1243 152 1247 -
191 1205 272 1258 Malis
290 1221 382 1257 carere
401 1203 533 1272 quaeritis
549 1201 700 1258 laboribus:

157 1277 239 1332 Nulla
256 1279 292 1332 sit
309 1279 360 1332 hac
376 1278 466 1347 potior
485 1277 628 1346 sententia,
647 1278 830 1332 Phocaeorum

192 1355 275 1407 Velut
292 1354 412 1422 profugit
429 1357 569 1408 exsecrata
586 1353 681 1406 civitas

155 1429 247 1496 Agros
264 1433 347 1496 atque
365 1429 449 1482 Lares
465 1429 568 1496 patrios
585 1426 787 1498 habitandaque
804 1428 865 1482 lana

190 1505 274 1572 Apris
291 1505 402 1572 reliquit
419 1507 455 1557 et'
466 1503 608 1572 rapacibus
625 1503 702 1572 lupis,
980 1523 1013 1564 ρο

156 1577 202 1632 Ire
219 1579 304 1647 pedes
322 1594 482 1648 quocunque
500 1579 597 1645 ferent,
615 1594 774 1646 quocunque
791 1577 946 1646 parandas

190 1654 214 1705 N
218 1659 279 1708 otus
296 1653 403 1707 vocabit
420 1657 627 1721 aut‘protervus
646 1653 763 1707 Africus.

155 1727 198 1781 Sic
215 1729 324 1796 placati
344 1745 382 1782 an
398 1727 495 1781 melius
512 1728 573 1796 quis
590 1727 675 1782 habet
692 1728 806 1780 suadere
816 1727 994 1785 l-Sccunda
1061 1759 1062 1769 ι

189 1803 288 1856 ltatem
306 1819 436 1870 occupare
454 1802 522 1870 quid
538 1817 675 1855 moramur
692 1803 773 1856 alitel

154 1876 209 1930 Sed
223 1877 348 1944 juremus
364 1879 393 1930 in
410 1878 491 1930 haec:
513 1876 598 1930 Simul
614 1877 675 1929 imis
693 1893 758 1930 saxa
770 1877 890 1932 renarint
972 1895 1005 1936 2⁵

188 1952 274 2005 Vadis
291 1953 387 2020 levata,
404 1969 439 2005 ne
455 1951 546 2004 redire
565 1951 601 2004 sit
617 1951 711 2014 nefas3

152 2027 215 2080 Neu
232 2043 361 2080 conversa
378 2023 493 2079 domum
505 2026 598 2094 pigeat
615 2025 681 2078 dare
699 2026 789 2092 lintea,
807 2026 914 2094 quando

187 2102 277 2155 Padus
296 2102 402 2155 Matina
418 2101 515 2159 laverit
533 2100 677 2167 cacumina,

151 2175 185 2228 ln
203 2193 277 2230 mare
295 2192 343 2230 seu
360 2175 447 2229 celsus
463 2175 627 2243 procurrerit
646 2175 813 2243 Apenninus,

185 2251 315 2319 Novaque
332 2254 453 2304 monstra
466 2249 589 2317 junxerit
607 2249 720 2303 libidine
968 2268 998 2308 a)
1053 2237 1055 2300 l

150 2323 237 2378 Mirus
254 2341 336 2391 amor,
350 2324 431 2392 juvet
446 2329 479 2377 ut
495 2324 581 2390 tigres
599 2323 738 2378 subsidere
756 2324 849 2390 cervis,

184 2399 366 2452 Adulteretur
383 2403 412 2451 et
429 2397 552 2451 columba
569 2397 658 2462 miluc,

148 2473 266 2528 Credula
282 2489 332 2526 nec
350 2487 428 2526 ravos
446 2474 561 2525 timeant
577 2475 702 2524 armenta
720 2471 818 2538 leones,

146 2558 149 2573 ·
184 2550 320 2616 Ametque
338 2547 408 2600 salsa
424 2547 491 2600 levis
509 2547 599 2598 hircus
616 2562 742 2613 aequora.

147 2621 224 2676 Haec
241 2627 269 2676 et
286 2634 356 2690 quae
372 2624 502 2689 poterunt
519 2620 624 2672 reditus
642 2619 799 2672 absc'mdere
816 2617 909 2674 dulces
966 2635 994 2676 ts

180 2698 279 2750 Earinus
297 2696 384 2750 omnis
402 2698 541 2748 exsecrata
558 2695 661 2759 civitas,

144 2773 204 2824 Aut
220 2787 286 2840 pars
300 2770 408 2823 indocili
425 2770 520 2822 melior
536 2785 634 2836 grege3
652 2767 739 2821 mollis
756 2771 786 2821 et
802 2783 901 2836 exspes

178 2845 330 2897 inominata
346 2845 497 2912 perprimat
514 2843 632 2908 cubilia;

146 2916 199 2970 Vos
217 2919 314 2984 quibus
333 2921 376 2970 est
392 2918 479 2970 virtus
496 2915 657 2969 muliebrem
674 2915 762 2969 tollite
779 2915 882 2970 luctum

175 2991 290 3042 Etrusca
306 2995 415 3057 praeter
432 2994 461 3042 et
478 2990 567 3041 volate
585 2989 684 3042 littora.
957 3003 979 3040 n

142 3059 199 3115 bles
215 3068 307 3115 manet
325 3064 447 3116 Oceanus
464 3064 660 3128 circumvagam:
680 3062 851 3128 arrabonis
898 3087 902 3098 ·

179 3134 307 3186 Petamus
325 3151 388 3188 arva
406 3136 504 3188 divites
522 3140 552 3188 et
568 3135 676 3204 insulas,
695 3139 700 3147 '

136 3329 179 3343 .—r
