2144 3420
369 157 582 210 samsonem
599 159 636 210 ΙΙ.
655 159 679 212 7.
903 159 948 208 lte

91 235 181 300 Quae
200 239 293 306 procul
311 241 456 293 exstructis
473 240 581 294 inerant
598 241 725 295 hesterna
742 240 873 294 canistris.
915 251 950 295 let

92 313 177 380 Ergo
196 312 242 365 ubi
260 329 395 382 purpurea
412 320 567 382 porrectum
584 317 613 368 in
630 321 706 369 vesto
723 317 821 370 locarit

96 389 259 455 Agrestem,
280 389 363 442 veluti
382 393 533 444 succinctus
551 393 665 444 cursitat
681 392 779 460 hospes

96 463 308 532 Continuatque
326 465 411 534 dapes
429 483 478 519 nec
496 483 549 519 non
567 466 706 520 verniliter
723 466 790 534 ipsis

96 538 241 606 Fungitur
258 539 358 606 officiis,
377 541 565 608 praelambens
582 559 660 594 omne
679 543 752 609 quod
769 541 856 595 affert.

97 611 157 666 1116
176 612 277 667 cubans
294 615 397 682 gaudet
414 621 519 669 mutata
537 621 610 670 sorte
629 617 761 685 bonisque
917 630 951 670 110

98 688 201 742 Rebus
217 691 274 757 agit
291 691 394 744 laetum
411 693 557 760 convivam,
574 709 635 746 cum
653 692 744 745 subito
761 693 857 760 ingens

99 763 253 816 Valvarum
272 767 403 833 strepitus
421 767 498 820 lectis
516 767 635 821 excussit
652 772 806 835 utrumque.

100 838 224 892 Currere
240 857 291 908 per
308 845 396 894 totum
414 842 505 910 pavidi
523 843 654 904 conclave,
672 844 812 910 magisque

101 913 251 968 Exanimes
268 917 408 984 trepidare
426 918 505 970 simul
523 917 619 971 domus
636 917 692 970 alta
710 917 835 970 Molossis

100 989 252 1044 Personnit
263 991 382 1046 canibus.
417 993 485 1045 'lum
497 994 628 1046 rusticus:
648 994 745 1045 ‘Haud
756 992 822 1045 mihi
834 991 891 1045 vita
916 1006 950 1046 ut

101 1065 156 1117 Est
175 1081 240 1132 opus
258 1066 323 1131 hae‚’
341 1067 387 1134 ait,
406 1067 447 1120 ‘et
464 1068 567 1132 valeas;
584 1083 629 1120 me
646 1068 713 1120 silva
730 1083 865 1136 casusque

102 1139 193 1192 'lutus
210 1139 246 1193 ab
263 1141 369 1194 insidiis
386 1143 463 1196 tenui
480 1143 611 1197 solabitur
629 1142 728 1196 ervo.'’'

493 1284 561 1340 VII.

104 1363 290 1420 l‘Jaununuu
307 1366 429 1421 ausculto
447 1370 476 1421 et
493 1359 673 1436 cupiens'tibi
690 1367 781 1422 dicere
799 1383 892 1422 servus

105 1439 198 1492 Pauca
211 1441 378 1494 reformido!²
416 1443 594 1496 “Darusuel’
630 1443 703 1506 “lta,
721 1443 818 1503 Davus,
833 1443 949 1494 amicum

105 1515 272 1583 Mancipinm
290 1516 399 1570 domino
417 1522 446 1570 et
463 1519 534 1585 frugi
552 1517 626 1586 quod
643 1518 680 1570 sit
698 1518 769 1583 satis,
788 1517 838 1570 hoc
856 1524 906 1582 est,

105 1589 148 1642 Ut
165 1590 365 1658 vitale-putes?
402 1593 486 1660 “Age,
506 1593 634 1646 libertate
652 1592 803 1656 Decembri,

106 1664 223 1728 Quando
239 1665 280 1718 ita
297 1667 414 1734 majores
432 1664 583 1734 voluerunt,
601 1673 695 1732 utere3
712 1667 812 1726 narra?
938 1681 951 1721 1

105 1740 196 1793 “Pars
213 1741 351 1794 hominnm
369 1743 443 1796 vitiis
460 1743 563 1809 gaudet
580 1748 735 1796 constanter
753 1746 782 1796 et
799 1745 882 1810 urget

106 1815 295 1882 Propositum
312 1833 375 1883 pars
393 1817 479 1870 nrulta
496 1821 579 1884 natat,
598 1819 678 1870 modo
695 1821 770 1870 recta
787 1831 937 1886 capessens,

107 1881 254 1944 interdurn
271 1893 361 1958 pravis
379 1891 500 1946 obnoxia.
537 1895 622 1960 Saepe
640 1897 749 1945 notatus

106 1965 177 2018 Cum
195 1965 284 2018 tribus
301 1967 422 2034 arrnellis,
440 1968 520 2020 modo
539 1969 614 2021 laeva
633 1968 742 2020 Priscus
759 1966 839 2034 inani,

107 2040 189 2093 Vixit
205 2041 360 2109 inaequalis,
378 2043 482 2096 clavum
500 2047 532 2096 ut
549 2047 669 2096 mutaret
685 2043 714 2094 in
732 2041 819 2106 horas,
931 2054 952 2094 lo

103 2115 236 2172 Aedibus
254 2133 289 2170 ex
309 2117 413 2186 maguis
432 2117 521 2171 subito
539 2135 568 2171 se
587 2118 723 2182 conderet,
741 2117 815 2170 unde

106 2191 240 2245 Mundior
257 2192 346 2246 exiret
363 2194 408 2246 vix
426 2193 569 2246 libertinus
586 2193 712 2256 honeste;

106 2268 174 2319 lam
192 2267 319 2320 moechus
337 2269 447 2333 Romae,
462 2269 521 2335 jam
541 2268 634 2320 mallet
654 2268 749 2320 doctus
767 2264 884 2326 Athenis

107 2342 219 2410 Vivere,
238 2341 404 2410 Vertumnis,
422 2347 556 2412 quotquot
573 2347 644 2410 sunt,
660 2345 740 2394 natus
757 2341 865 2407 iniquis.

108 2418 210 2471 Scurra
227 2417 394 2484 Volancu'us,
412 2422 557 2485 postquam
573 2417 613 2470 illi
627 2417 704 2484 justa
721 2416 851 2482 cheragra
932 2428 954 2469 u

108 2492 244 2546 Contudit
261 2493 395 2559 articulos,
414 2492 460 2560 qui
477 2508 527 2561 pro
545 2509 574 2546 se
591 2492 700 2545 tolleret
717 2494 800 2558 atque

108 2567 239 2622 Mitteret
255 2567 284 2620 iu
301 2568 423 2635 phimum
440 2566 517 2635 talos,
534 2567 660 2620 mercede
677 2566 774 2617 diurna

108 2643 283 2696 Conductum
300 2643 390 2710 pavit3
408 2646 510 2710 quanto
527 2641 693 2694 constantior
710 2639 798 2692 isdem

109 2719 146 2772 In
164 2715 245 2784 vitiis,
263 2721 340 2771 tanto
357 2717 443 2770 levius
460 2717 542 2769 miser
560 2732 591 2768 ac
608 2716 682 2784 prior
698 2714 752 2781 illo,

110 2793 165 2857 Qui
178 2792 237 2860 jam
255 2797 390 2860 contento,
404 2792 462 2859 jam
480 2792 541 2844 laxo
558 2791 622 2844 lune
640 2787 768 2842 laborat?
931 2803 954 2842 ro

107 2868 195 2920 i‘Non
213 2867 288 2921 dices
305 2868 393 2934 hodie,
413 2867 541 2934 quorsum
559 2865 625 2919 haec
642 2869 698 2918 tam
718 2862 814 2932 putida
830 2861 954 2928 tendant,

110 2943 237 2998 Furcifer
243 2944 267 2997 l''
302 2943 366 2996 “Ad
383 2947 419 3009 te,
437 2940 569 3009 inquam.”
607 2940 622 2968 “
628 2940 687 3012 Quo
704 2943 791 3007 pacto,
806 2940 924 3007 pessime
930 2939 954 2992 ·1”

181 3017 308 3072 “Laudas

112 3092 262 3147 Fortunam
280 3096 309 3145 et
325 3107 415 3144 mores
432 3089 559 3156 antiquae
576 3087 671 3155 plebis,
690 3089 719 3140 et
736 3085 810 3139 idem
862 3135 867 3142 .

113 3168 144 3222 si
161 3167 223 3236 quis
239 3165 340 3220 odilla
357 3166 426 3218 deus
443 3163 532 3216 subito
549 3165 578 3213 te
595 3165 659 3227 agat
675 3175 762 3228 usque
779 3175 895 3226 recuses,
