2126 3410
374 159 527 209 HORA'I'II
544 160 674 210 FLAOOI
722 172 727 188 ⁴

237 237 401 305 Nuptiarum
420 255 518 307 expers
536 242 566 292 ct
583 238 672 292 adhuc
689 241 818 307 protervo

271 313 363 367 Cruda
380 315 486 369 mmito.

237 386 279 441 'l'u
295 391 375 456 potes
393 389 480 456 tigres
498 388 667 457 comitesque
685 388 767 444 silvas

237 462 345 517 Ducere
363 467 393 517 et
410 464 483 517 rivos
500 464 602 516 celeres
620 463 738 529 morari;

237 537 328 592 Gessit
346 537 471 590 immanis
489 537 540 592 tibi
558 537 711 592 blandienti

180 607 187 620 '
271 613 381 668 Janitor
398 613 476 666 arrico

236 687 381 754 Cerberus,
400 686 524 756 quamvis
540 686 639 740 furiale
656 691 767 742 centum

237 762 366 816 Munient
383 779 485 830 angues
503 765 585 830 caput
603 761 662 830 ejus
680 766 763 831 atquc

238 837 357 906 Spiritus
375 842 448 891 teter
466 837 609 905 saniesque
627 841 722 890 manet

273 913 328 966 Orc
347 913 478 980 trilingui.

238 986 309 1051 Quin
328 992 357 1041 et
376 989 455 1040 Ixion
473 987 619 1056 Tityosque
637 986 721 1040 vultu
815 1017 818 1023 ,

238 1062 312 1116 Risit
329 1063 422 1128 invite,
441 1064 520 1116 stetit
537 1079 607 1115 urna
624 1063 744 1130 paullum

238 1137 315 1193 Sicca
333 1138 398 1191 dum
416 1142 494 1205 grato
513 1138 600 1191 Danai
618 1137 722 1206 puellas

272 1213 397 1266 Carmine
415 1213 524 1266 mulces.

238 1288 345 1343 Audiat
364 1287 439 1356 Lyde
458 1288 544 1340 scelus
561 1290 645 1356 atque
662 1291 742 1341 notas
805 1307 810 1322 ¹

237 1363 382 1432 virginum
399 1380 500 1433 poenas
520 1367 549 1416 et
566 1363 647 1416 inane
664 1363 789 1433 lymphae

238 1438 347 1494 Dulium
365 1440 448 1492 fundo
466 1438 606 1508 pereuntis
623 1438 684 1505 imo,

273 1514 394 1583 Seraque
411 1515 470 1568 fata

238 1588 314 1654 Quae
331 1593 443 1644 manent
460 1589 553 1657 culpas
571 1589 655 1644 ctiam
673 1588 724 1642 sub
742 1588 820 1642 Orco.

239 1664 447 1733 Impiae‚-nam
466 1665 533 1733 quid
550 1670 665 1732 potuere
683 1662 823 1732 majusi-

239 1739 346 1808 Impiae
364 1756 476 1810 sponsos
493 1743 608 1808 potuere
627 1739 695 1792 duro

273 1816 394 1870 Perdere
412 1817 498 1869 ferro!

237 1891 301 1946 Una
319 1892 354 1946 de
371 1892 465 1944 multis
482 1891 541 1944 face
558 1891 674 1959 nuptiali

238 1966 329 2035 Digna
346 1967 486 2036 perjurum
503 1966 556 2020 fuit
573 1967 601 2019 in
619 1969 762 2035 parentem

238 2041 386 2110 splendide
402 2041 520 2094 mendax
538 2045 567 2095 ct
584 2041 613 2094 in
631 2057 711 2095 omne
728 2043 806 2110 virgo

271 2116 379 2169 Nobilis
397 2132 501 2182 aerum,

238 2191 371 2260 “Surge'’
389 2208 460 2260 quoe
478 2191 550 2245 dixit
561 2191 658 2258 juveni
675 2192 781 2260 marito,

238 2267 356 2334 “Surge
373 2284 408 2320 uo
425 2267 521 2334 longus
539 2267 590 2320 tibi
609 2283 719 2319 somnus
738 2267 811 2320 unde

237 2341 264 2396 N
266 2358 300 2395 οη
318 2343 399 2396 times
417 2341 514 2406 dotum
531 2358 654 2396 socerum
672 2345 701 2396 et
718 2343 847 2396 scelestas

273 2415 348 2468 Folle
365 2431 479 2483 sorores,
735 2423 740 2434 '

238 2489 314 2554 Quae
332 2490 406 2543 v'elut
423 2495 518 2544 nactae
536 2490 635 2544 vitulos
652 2490 764 2545 leaenae

237 2565 364 2632 Singulos
381 2565 451 2619 cheu
469 2566 602 2621 lacerant:
621 2583 673 2634 ego
690 2567 743 2618 illis
785 2606 796 2620 .

237 2639 346 2694 Mollior
362 2656 413 2694 nec
430 2643 459 2694 tc
476 2641 573 2694 feriam
592 2657 681 2710 neque
700 2641 772 2695 intra

272 2715 398 2769 Claustra
416 2715 521 2770 tenebo.

131 2838 134 2846 .
237 2789 285 2843 Me
303 2795 383 2858 pater
400 2791 486 2844 saevis
504 2795 599 2844 oneret
617 2791 720 2844 catenis

239 2865 319 2927 Quod
336 2866 394 2918 viro
412 2866 529 2918 clemens
547 2867 645 2918 misero
663 2865 787 2934 peporci3

239 2937 286 2990 Me
304 2939 347 2991 vol
366 2943 502 2992 extremos
521 2939 703 2992 Numidarum
721 2941 748 2992 in
766 2953 844 3008 agros

274 3012 366 3064 Classe
384 3013 494 3078 releget.

240 3081 256 3133 1
273 3085 357 3148 pedes
375 3101 429 3151 quo
446 3090 475 3138 te
492 3085 603 3152 rapiunt
620 3089 649 3138 et
666 3103 749 3140 aurae

240 3153 314 3208 Dum
330 3157 404 3210 favet
420 3172 474 3210 nox
491 3162 521 3212 ct
538 3159 639 3219 Venus.
656 3160 666 3212 i
684 3161 803 3215 secundo
