2126 3410
128 59 179 142 rsa·
394 90 548 142 nonsrrr
566 90 711 140 rancor

125 172 265 226 credebat
283 171 367 238 libris,
386 187 475 240 neque
494 173 516 224 si
534 171 607 224 malo
625 173 745 224 cesserat
761 185 881 239 unquam

124 246 279 301 Decurrens
296 246 356 313 alio,
374 263 464 313 neque
482 247 504 298 si
522 245 608 310 bene;
626 262 679 316 quo
697 245 730 300 fit
747 249 779 299 ut
797 246 885 298 omnis

124 321 225 375 Votiva
242 325 337 390 pateat
354 323 437 386 veluti
457 321 595 389 descripta
612 321 714 374 tabella

125 395 191 450 Vita
209 398 295 450 senis·
324 398 428 466 Sequor
445 397 524 464 hunc,
538 397 662 449 Lucanus
680 412 714 449 an
733 395 841 464 Apulus
858 413 979 466 anceps:

124 472 195 526 Nam
215 473 370 527 Venusinus
388 477 448 526 arat
466 473 548 526 finem
568 470 618 524 sub
636 475 783 539 utrumque
800 471 917 539 colonus,
951 493 978 530 35
1046 467 1047 472 ’

124 547 225 602 Missus
243 549 279 602 ad
296 548 347 612 huc
364 549 455 616 pulsis,
473 552 551 600 vetus
569 550 612 600 est
627 551 661 600 ut
678 547 757 614 fama,
777 547 900 614 Sabellis,

124 623 184 686 Quo
201 641 235 676 ne
253 633 433 691 pervacuum
447 623 574 676 'Romano
592 623 745 676 incurreret
761 621 856 690 hostis,

124 697 187 752 Sive
205 699 279 767 quod
300 699 389 766 Apula
406 715 472 766 gens
490 715 538 752 seu
556 697 630 766 quod
648 698 767 752 Lucania
784 697 884 750 bellum
1046 727 1047 760 3

124 773 267 827 Incuteret
285 774 409 827 violenta.
445 774 500 828 Sed
518 774 561 827 hic
579 773 657 826 stilus
676 774 749 826 haud
766 777 845 841 petet
862 774 936 826 ultro
1046 779 1047 788 ¹

124 850 294 918 Quemquam
312 851 477 902 animantem
496 853 525 902 et
542 857 587 902 me
604 848 688 902 veluti
706 849 842 902 custodiet
860 849 934 903 ensis
952 865 978 903 ro

123 919 233 991 Vuglna'
249 929 354 990 tectum
370 925 454 994 'quem
472 941 521 978 cur
539 925 705 991 distringere
724 939 806 980 coner
1046 931 1047 936 ’

123 999 211 1053 'lutus'
227 1000 261 1054 ab
279 1001 387 1054 infestis
404 1000 575 1054 latronibusl
612 1000 635 1052 O
654 1003 733 1068 pater
752 1003 780 1053 ct
798 1016 847 1054 rex

123 1071 259 1144 luppiter,
277 1080 309 1130 ut
326 1080 421 1144 pereat
438 1077 557 1144 positum
575 1075 701 1144 rubigine
718 1072 823 1143 telum,'

122 1150 149 1204 N
151 1167 181 1204 ec
199 1152 342 1220 quisquam
360 1155 455 1204 noceat
472 1151 571 1220 cupido
589 1151 655 1203 mihi
673 1151 763 1218 pacis!
801 1152 841 1204 At
857 1150 904 1204 ille

123 1224 175 1290 ou
193 1244 237 1281 me
255 1227 535 1294 commorit-melius
553 1243 606 1280 non
624 1229 752 1292 tangere!
772 1225 873 1292 clamo;
896 1281 898 1288 ,
949 1251 975 1289 45

123 1301 215 1356 Flebit
233 1307 262 1357 et
278 1303 390 1370 insignis
408 1307 468 1356 tota
485 1301 638 1355 cantabitur
655 1301 731 1354 urbe.

124 1372 235 1432 Cervius
253 1379 338 1431 iratus
356 1379 431 1445 leges
448 1377 590 1430 minitatur
608 1381 636 1432 et
654 1393 757 1443 urnam,
857 1373 862 1379 ’

123 1451 238 1507 Canidia
256 1454 353 1507 Albuti
372 1453 470 1520 quibus
489 1457 532 1506 est
549 1453 669 1512 inimica
675 1468 817 1519 venenum,

123 1529 235 1582 Grande
250 1529 351 1582 madum
370 1529 475 1596 Turius,
494 1529 517 1582 si
536 1528 603 1597 quid
616 1545 650 1581 se
664 1527 758 1595 judice
777 1531 877 1583 certes.
1046 1573 1047 1576 ,

123 1603 163 1658 Ut
180 1621 233 1673 quo
252 1605 366 1672 quisquc
383 1604 456 1658 valet
473 1608 612 1672 suspectos
630 1606 741 1670 torreat,
759 1606 846 1671 utque
952 1621 978 1661 to
1046 1605 1047 1630 ³

124 1679 246 1748 lmpcret
263 1681 314 1732 hoc
331 1683 429 1732 natura
446 1682 551 1747 potens,
570 1680 608 1732 sic
626 1679 722 1745 collige
742 1692 864 1733 mecum:
1016 1707 1019 1716 λ

123 1754 214 1809 Dente
232 1755 318 1823 lupus,
337 1771 420 1808 comu
438 1757 534 1808 taurus
549 1754 637 1822 petit:
655 1753 728 1806 unde
746 1753 797 1806 nisi
815 1754 889 1808 intus

123 1823 326 1885 Monstratumt
363 1830 480 1884 Scaevae
498 1831 619 1882 vivacem
637 1828 718 1882 crede
736 1830 830 1898 nepoti

123 1906 258 1970 Matrcm;
275 1905 312 1958 nil
330 1905 411 1959 faciet
429 1905 539 1959 sceleris
558 1905 605 1974 pia
622 1905 753 1958 dextera:
770 1905 878 1971 mirum,
959 1971 963 1976 .

118 1981 426 2049 ‘Utneque'calcelupus
435 1979 975 2050 quemquamnequedentepetitbcsms
1046 1991 1047 1998 ’

123 2056 178 2110 Sed
195 2057 266 2109 mela
282 2056 362 2110 tollet
379 2073 460 2108 anum
479 2057 575 2110 vitiato
592 2055 673 2108 melle
692 2055 788 2110 cicuta

122 2129 149 2186 N
151 2148 166 2184 e
183 2131 294 2199 longum
311 2131 423 2186 faciam:
442 2147 491 2185 seu
508 2147 552 2184 me
569 2131 716 2198 tranquilla
734 2133 859 2183 senectus
960 2162 962 2168 ·

122 2207 336 2275 Exspectat'seu
354 2207 429 2260 Mors
447 2207 514 2260 atris
531 2206 706 2260 circumvolat
721 2206 781 2272 alis,

122 2282 213 2348 Dives,
231 2282 315 2349 inops,
335 2282 445 2350 Romae,
463 2298 512 2335 seu
528 2281 586 2334 fors
602 2281 642 2336 ita
655 2281 779 2350 jusserit,
798 2279 882 2349 exsul,
1046 2341 1047 2346 ¹

122 2359 250 2426 Quisquis
268 2357 321 2410 erit
338 2357 410 2410 vitae
428 2357 544 2410 scribam
562 2357 654 2410 color.’'
685 2356 730 2409 “0
749 2372 826 2424 puer,
842 2361 875 2410 ut
892 2356 929 2410 sis
948 2373 973 2414 aa
1002 2423 1006 2430 ,
1046 2351 1047 2358 ¹

122 2434 222 2486 Vitalis
240 2436 333 2486 metuo
352 2436 380 2486 et
397 2432 531 2500 majorum
548 2449 583 2486 ne
601 2433 661 2501 quis
679 2433 782 2484 anricus

122 2509 235 2576 Frigore
252 2512 281 2562 te
299 2507 400 2560 feriat.’'
431 2507 614 2576 “Quidcum
632 2511 676 2562 est
694 2507 814 2560 Lucilius
832 2523 914 2561 ausus

114 2579 230 2637 ‘Primus
246 2584 275 2636 in
292 2583 363 2636 huno
381 2583 471 2651 operis
489 2599 649 2651 componere
667 2583 786 2636 carmina
804 2599 915 2650 morem,

121 2659 273 2713 Detrahere
290 2662 320 2712 ot
337 2659 443 2726 pellem,
460 2659 564 2712 nitidus
582 2675 636 2727 qua
654 2659 768 2726 quisque
786 2673 900 2726 perora
1046 2697 1047 2706 2

115 2735 247 2802 Dederat,
264 2735 410 2787 introrsum
429 2734 524 2802 turpis,
543 2751 608 2787 num
627 2734 735 2787 Laelius
752 2737 800 2788 aut
817 2733 866 2806 qui
947 2748 972 2790 ot

120 2810 208 2862 Duxit
225 2809 261 2861 ab
278 2825 407 2876 oppressa
424 2809 552 2865 meritum
572 2809 742 2875 Karthagine
758 2824 871 2876 nomen„
1046 2799 1047 2810 ¹

121 2881 236 2947 Ingenio
253 2883 347 2936 offensi
364 2887 412 2936 aut
430 2883 502 2936 laeso
520 2883 631 2938 doluere
650 2884 762 2936 Metello
793 2927 797 2936 .

121 2955 297 3022 Famosisque
315 2956 391 3022 Lupo
409 2961 536 3024 cooperto
554 2958 697 3012 versibus?
734 2957 822 3026 Atqui

122 3028 258 3080 Primores
274 3030 365 3096 populi
384 3031 499 3098 arripuit
516 3032 700 3099 populumque
717 3033 852 3103 tributim,

121 3100 230 3154 Scilicet
246 3103 293 3154 uni
312 3119 414 3170 aequus
431 3105 527 3160 virtuti
545 3110 629 3173 atque
647 3105 707 3176 ejus
724 3107 825 3176 amicis,
945 3125 971 3168 ω
