2144 3420
146 165 193 216 un
413 164 567 216 HORATII
584 162 714 215 nancel

142 243 219 298 Fecit
235 260 297 298 cum
314 245 411 300 stravit
427 247 500 298 ferro
517 261 601 313 pecus
611 246 620 298 i
657 243 801 298 Abstinuit
817 243 872 300 vim
909 250 916 256 '
978 249 996 280 ‘⁸

141 318 233 373 Urere
250 322 279 374 et
296 324 394 388 gnato3
412 321 483 373 mala
500 320 587 373 multa
604 323 732 388 precatus
751 319 866 382 Atridis,

141 393 166 445 N
168 410 203 446 on
220 393 265 448 ille
283 398 331 448 aut
349 395 481 448 Teucrum
499 398 547 448 aut
564 395 652 462 ipsum
670 393 781 448 violavit
798 393 912 462 Ulixen?

141 468 259 522 ‘Verum
278 485 335 537 ego,
350 474 382 523 ut
399 470 544 523 haerentes
561 469 675 523 adverso
692 468 786 522 littore
803 485 886 524 naves
958 486 1009 528 ωε

141 542 289 612 Eriperem‚
307 545 427 614 prudens
444 545 548 612 placavi
566 544 697 612 sanguine
714 544 806 598 divos?

140 618 261 687 ‘Nempe
278 623 333 686 tuo,
351 619 465 672 furiose!
502 619 589 684 ιΜοο,
608 619 658 672 sed
675 634 729 672 non
746 617 877 677 furiosus?

140 693 193 757 Qui
211 694 313 762 species
330 694 396 747 alias
413 693 485 747 veris
503 694 667 762 scelerisque
684 694 806 748 tumultu

140 767 298 822 Permixtas
310 769 399 837 capiet
415 773 565 824 commotus
582 769 736 835 habebitur,
755 773 838 838 atque

140 842 297 897 stultitiane
315 847 390 897 erret
406 837 520 898 nihilum
539 844 654 898 distabit
670 861 705 898 an
722 843 771 898 ira
955 862 1003 902 sio

140 917 213 986 Ajax
230 919 381 972 immeritos
398 936 459 973 cum
477 919 576 973 occidit
594 919 695 988 desipit
713 935 811 987 agnos:

140 993 208 1047 (ium
225 995 347 1063 prudens
364 994 451 1048 scelus
468 993 504 1048 ob
522 995 617 1050 titulos
637 995 760 1049 admittis
781 996 883 1062 inanes,

140 1068 202 1122 Stas
210 1070 300 1124 animo
310 1073 339 1124 et
346 1087 443 1138 purum
453 1073 496 1124 est
505 1069 572 1124 vitio
581 1070 641 1138 tibi,
650 1087 711 1124 eum
720 1070 857 1123 tumidum
867 1074 917 1139 est,
927 1077 1001 1130 eor?

139 1143 168 1197 Si
186 1145 246 1214 quis
264 1145 359 1200 lectica
376 1145 491 1198 nitidam
508 1149 618 1212 gestare
635 1148 709 1199 amet
726 1162 831 1213 agnam,

140 1218 212 1273 Huic
229 1225 340 1287 vestem,
352 1225 383 1274 ut
400 1225 488 1288 natae,
506 1221 585 1288 paret
602 1220 719 1286 ancillas,
732 1225 813 1288 paret
831 1237 935 1289 aurum,
953 1238 1001 1278 21⁵

140 1293 238 1348 Rufam
255 1299 304 1348 aut
322 1295 452 1349 Pusillam
469 1296 588 1364 appellet
606 1296 726 1363 fortique
743 1297 842 1350 marito
997 1303 999 1306 '

138 1369 266 1424 Destinet
283 1387 412 1436 uxorem;
429 1370 577 1436 interdicto
594 1371 656 1424 huic
673 1387 753 1423 omne
771 1371 874 1424 adimat
886 1369 935 1438 jus

139 1444 254 1499 Praetor
271 1449 299 1499 et
317 1446 352 1498 ad
371 1463 449 1499 sanos
467 1445 548 1499 abeat
565 1446 653 1500 tutela
669 1447 853 1515 propinquos„

138 1521 229 1584 Quidi
247 1521 270 1574 si
288 1521 348 1589 quis
365 1525 457 1574 natam
475 1537 524 1588 pro
542 1525 618 1574 muta
635 1521 751 1576 devovet
769 1538 840 1589 agna

138 1595 250 1664 Integer
268 1599 310 1650 est
328 1597 429 1650 animil
464 1596 490 1648 N
492 1613 508 1650 e
527 1596 636 1651 dixeris.
671 1597 744 1665 Ergo
761 1597 810 1650 ubi
827 1614 911 1666 prava
952 1616 997 1656 aso
1060 1661 1061 1664 Ἴ

138 1671 261 1725 Stultitia
277 1672 321 1724 hic
339 1687 443 1725 summa
460 1675 504 1725 est
521 1671 639 1736 insania3
656 1671 702 1739 qui
720 1671 874 1740 sceleratus,
1060 1669 1061 1685 ¹

138 1746 175 1800 Et
192 1747 308 1800 fisriosus
325 1748 393 1812 erit;
410 1764 492 1816 quem
510 1747 583 1814 cepit
602 1747 690 1800 vitrea
707 1746 786 1814 lama,

138 1821 221 1876 Hunc
237 1823 428 1876 circumtonuit
443 1822 565 1890 gaudens
584 1821 697 1876 Bellona
713 1823 840 1877 cruentis.

137 1896 165 1949 N
166 1913 217 1950 unc
234 1913 284 1964 age
300 1896 434 1950 luxuriam
452 1900 482 1950 et
500 1897 701 1950 Nomentanum
719 1897 809 1966 arripe
826 1912 951 1952 mecum:

137 1970 239 2025 Vincet
256 1971 328 2025 enim
347 1972 446 2025 stultos
463 1973 532 2025 ratio
550 1971 667 2024 insanire
684 1975 804 2039 nepotes
951 1987 996 2027 aas
1058 1991 1059 2014 ι

138 2046 194 2099 Hic
211 2045 290 2099 simul
307 2046 411 2114 accepit
428 2045 575 2114 patrimoni
592 2043 665 2097 mille
683 2045 795 2113 talenta,
889 2051 897 2080 ··

136 2120 231 2174 Edicit
247 2121 365 2189 piscator
382 2121 429 2185 uti,
447 2121 592 2189 pomarius,
611 2136 718 2188 auceps,
788 2141 792 2148 ·
1057 2179 1058 2182 Ἴ

136 2185 341 2259 Unguentarius
359 2213 390 2249 ac
408 2196 487 2248 Tusci
505 2195 588 2248 turba
606 2195 688 2262 impia
706 2194 764 2264 vici,
1057 2187 1058 2237 i

137 2271 208 2325 (lum
225 2271 325 2324 scurris
341 2271 435 2337 fartor,
453 2287 515 2323 cum
534 2268 653 2322 Velabro
671 2285 751 2322 omne
765 2270 914 2337 macellum,

136 2345 463 2399 Manedomumveniant.
482 2344 555 2408 Quid
562 2345 638 2396 tuml
658 2344 768 2397 Venere
775 2345 989 2412 frequentasset

138 2419 231 2474 Verba
248 2420 313 2473 facit
330 2419 406 2473 leno:
426 2418 567 2487 Quidquid
584 2418 657 2482 mihi,
676 2417 811 2485 quidquid
829 2422 857 2471 et
875 2419 975 2474 borum
1055 2465 1056 2472 ,

137 2495 243 2564 Cuique
252 2494 325 2548 domi
337 2498 387 2562 est,
396 2494 426 2547 id
437 2494 520 2546 crede
532 2497 611 2547 tuum
623 2499 652 2546 et
661 2492 704 2546 vel
713 2509 785 2546 nunc
793 2497 857 2560 pete
865 2493 908 2546 vel
916 2510 991 2550 cras.

136 2571 239 2639 Accipe
255 2569 322 2638 quid
339 2573 433 2623 contra
446 2569 556 2635 juvenis
574 2567 746 2636 responderit
764 2583 879 2636 aequus:

133 2645 184 2698 ‘In
201 2645 263 2699 nive
281 2644 389 2697 Lucana
407 2643 509 2697 dormis
527 2648 652 2712 ocreatus
669 2647 701 2696 ut
717 2659 814 2711 aprum

136 2721 255 2775 Goenem
273 2735 338 2787 ego;
355 2724 387 2773 tu
403 2720 492 2788 pisces
510 2718 625 2771 hibemo
643 2735 677 2771 ex
694 2734 812 2786 aequore
827 2719 922 2774 serris
949 2735 990 2778 aas

134 2795 232 2862 Segnis
249 2811 307 2862 ego,
319 2794 445 2861 indignus
463 2793 510 2861 qui
529 2796 637 2846 tanturn
654 2793 824 2860 possideam:
842 2793 933 2850 aufer:

134 2869 219 2922 Sume
236 2869 287 2922 tibi
305 2868 410 2933 decies;
427 2868 478 2920 tibi
497 2867 682 2931 tantumdem3
699 2868 750 2920 tibi
762 2868 864 2936 triplex

134 2933 219 2994 Unde
235 2959 304 2994 uxor
320 2942 411 2994 media
428 2941 514 2993 ciarrit
531 2934 567 2992 de
585 2945 664 2993 nocte
681 2943 790 2996 vocata!

135 3014 223 3066 Filius
241 3015 343 3082 Aesopi
359 3016 509 3069 detractam
528 3031 562 3067 ex
580 3030 645 3066 aure
664 3015 801 3084 Metellae,

138 3087 246 3140 Scilicet
262 3093 294 3139 ut
312 3087 402 3141 decies
420 3089 536 3141 solidum
553 3087 720 3156 absorberet,
738 3097 817 3146 aceto
949 3113 986 3155 sto

139 3159 226 3212 nituit
242 3158 375 3227 insignem
392 3161 579 3293 Quqm
597 3162 688 3216 sanior
705 3180 737 3217 ao
754 3165 777 3222 si
805 3235 808 3243 Ι
915 3225 919 3230 ,
