2144 3420
108 143 165 193 nio
392 109 546 191 nouam
563 140 692 190 rancor

117 221 154 274 Et
170 220 275 274 faciunt
291 234 376 288 propo
392 219 471 286 plura
488 218 644 274 dolentibus
661 222 811 285 exanimo,
830 223 882 277 sic'
926 223 932 235 '

117 293 230 350 Derisor
246 310 312 348 vero
329 293 390 362 plus
408 294 549 348 laudatore
566 297 698 358 moretur,

118 367 209 436 Reges
227 367 355 437 dicuntur
371 367 465 420 multis
481 384 581 434 urgere
598 367 703 421 culullis

117 442 155 496 Et
172 447 395 511 torqueremero
413 458 495 509 quem
507 445 683 510 perspexisse
700 441 833 510 laborant,
929 459 962 499 ns

118 519 164 570 An
181 517 218 571 sit
235 517 354 576 amicitia
370 517 482 584 dignus:
499 517 523 570 si
540 517 776 574 carminacondcs
843 541 847 552 ·

117 590 264 660 Nunquam
281 593 311 646 te
327 592 424 646 fallant
440 592 523 646 animi
541 592 592 645 snb
609 592 690 659 vulpe
707 591 831 646 latentes.

118 665 249 730 Quintilio
266 668 290 721 si
307 667 374 734 quid
388 667 528 734 recitares,
546 667 679 734 “Corripe
696 667 776 720 sodes

118 740 202 809 Hoc,'’
220 742 317 809 aiebat,
336 742 385 795 “et
402 741 480 796 hoc:'’
499 742 595 795 melius
612 747 641 794 to
658 758 738 808 posse
756 757 869 808 negares

118 815 166 870 Bis
184 821 281 886 terque
298 821 442 884 expertum
460 815 569 882 frustm,
588 816 680 870 delere
694 815 812 883 jubebat
926 833 962 873 sio

118 891 155 944 Iit
171 893 242 946 male
258 896 381 946 tornatos
397 892 489 944 incudi
506 891 632 945 reddere
642 907 745 945 sersus.

118 965 147 1019 Si
165 967 313 1021 defendere
330 967 460 1020 delictum
477 983 559 1033 quam
576 969 684 1020 vertere
703 966 804 1032 malles,

118 1040 230 1094 Nullum
242 1043 315 1096 ultra
325 1042 439 1095 verbum
451 1045 499 1094 aut
510 1057 619 1109 operam
632 1040 785 1094 insumebat
796 1042 904 1094 inanem

119 1116 190 1179 Quin
208 1117 265 1169 sine
283 1116 359 1171 rivali
377 1121 461 1183 toque
480 1120 509 1169 et
527 1120 576 1169 tua
593 1116 666 1169 solus
683 1132 795 1169 amares.

118 1189 169 1242 Vir
184 1190 269 1243 bonus
286 1194 315 1243 et
330 1191 450 1257 prudens
466 1206 558 1242 versus
574 1190 759 1258 reprehendet
774 1192 884 1257 inertes,
926 1205 964 1245 no

119 1265 246 1333 Culpabit
262 1264 352 1330 duros,
370 1264 515 1331 incomptis
532 1263 635 1317 adlinet
652 1269 743 1318 atrum

119 1338 247 1394 Traverso
265 1340 367 1394 calamo
384 1339 497 1406 signum,
515 1338 657 1392 ambitiosa
674 1340 779 1412 recidet

119 1416 290 1481 Ornamenta,
308 1430 404 1484 parum
422 1413 502 1469 claris
520 1413 607 1467 lucem
626 1414 692 1468 <lure
711 1419 795 1483 coget,

118 1493 226 1558 Arguat
243 1489 369 1556 ambigue
387 1488 498 1552 dictiue,
518 1488 649 1542 mutanda
667 1489 782 1556 notabit,

119 1565 182 1618 Fiet
199 1564 388 1626 Aristarchus;
406 1575 460 1614 non
478 1562 565 1615 dicet:
583 1563 660 1616 “Cur
677 1579 729 1631 ego
746 1565 862 1618 amicum
927 1578 964 1617 rso

119 1639 259 1692 Olfeudam
277 1639 306 1691 in
323 1637 432 1706 nugisl’'
470 1636 531 1689 Hae
548 1653 635 1704 nugae
653 1639 724 1692 seria
741 1635 848 1694 ducent

119 1714 152 1766 ln
169 1713 240 1767 mala
256 1711 378 1767 derisum
395 1711 479 1764 semel
498 1717 697 1780 exceptumque
715 1713 832 1767 sinistre.

118 1788 158 1840 Ut
174 1788 245 1841 mala
263 1803 344 1856 quem
363 1785 469 1839 scabies
488 1789 536 1839 aut
555 1786 666 1840 morbus
683 1789 776 1855 regius
796 1792 876 1856 urget

119 1865 177 1915 Aut
193 1863 326 1916 fanaticus
345 1877 421 1916 error
438 1863 467 1914 et
485 1859 615 1914 iracunda
633 1861 729 1931 Diana,
960 1869 962 1874 ’

118 1937 254 1990 Vesaumn
272 1935 397 2004 tetigisse
414 1935 514 1988 timent
531 1935 695 2004 fugiuntque
711 1941 820 2006 poetam
929 1953 966 1994 scs

118 2011 170 2073 Qui
188 2012 311 2079 sapiunt;
328 2011 435 2078 agritaut
451 2009 528 2077 pueri
546 2010 702 2078 incautique
719 2017 877 2080 sequuntur.

73 2101 75 2106 ·
119 2085 180 2150 Hic,
198 2085 264 2137 dum
281 2084 403 2138 sublimis
421 2099 515 2137 versus
532 2088 657 2138 ructatur
673 2089 704 2139 ct
721 2091 802 2154 erret,

118 2160 153 2213 Si
165 2158 250 2212 veluti
267 2157 377 2210 merulis
394 2157 517 2211 intentus
535 2158 638 2213 decidit
655 2176 754 2229 auceps

119 2235 153 2288 In
170 2239 282 2303 puteum
299 2233 446 2300 ioreamve,
463 2233 535 2298 licet,
553 2234 750 2304 “succurrite'’
768 2236 879 2304 longum

118 2311 231 2376 Clamet,
250 2309 302 2361 “lo
320 2309 421 2362 ciros!’'
438 2325 492 2362 uon
511 2310 548 2362 sit
565 2310 612 2376 qui
629 2310 727 2364 tollere
744 2319 829 2366 curet.
930 2329 965 2370 ico
1068 2385 1069 2388 Ἰ

118 2384 148 2438 Si
165 2388 242 2438 curet
259 2383 320 2452 quis
338 2399 417 2452 opem
435 2383 508 2437 forre
527 2386 556 2436 et
575 2384 721 2439 demittere
739 2385 839 2454 funem,

118 2460 134 2487 “
140 2459 193 2524 Qui
211 2459 263 2512 scis
279 2475 314 2511 au
331 2459 453 2526 prudens
470 2458 523 2511 huc
540 2474 570 2512 se
586 2458 733 2527 projecerit
750 2464 834 2530 atque

118 2534 226 2588 Servari
243 2533 312 2586 nolit
319 2535 343 2587 l''
363 2533 460 2598 dicam,
479 2533 615 2601 Siculique
632 2537 730 2601 poetae

118 2608 244 2663 Narrabo
262 2607 410 2661 interitum.
445 2608 521 2661 Deus
539 2608 700 2662 immortalis
717 2608 813 2664 haberi

118 2685 191 2738 Dum
203 2683 278 2752 cupit
290 2682 476 2750 Empedocles,
488 2681 631 2736 ardentem
641 2683 758 2750 frigidus
771 2687 892 2738 Aetnam
929 2699 965 2739 roe

119 2759 235 2812 Insiluit.
270 2757 313 2810 Sit
326 2757 374 2824 jus
391 2756 525 2825 liceatque
542 2757 631 2824 perire
648 2757 750 2825 poetis:

119 2833 240 2884 Invitum
257 2832 305 2901 qui
323 2835 414 2884 servat
431 2831 505 2884 idem
522 2831 587 2884 facit
604 2832 746 2887 occidenti.

119 2906 145 2957 N
147 2922 178 2958 ec
196 2906 278 2958 semel
295 2904 347 2957 hoc
363 2904 435 2969 fecit,
453 2920 503 2957 nec
521 2905 544 2957 si
561 2907 696 2959 retractus
715 2906 769 2962 erit
782 2907 842 2976 jam

121 2978 184 3030 Fiet
200 2978 279 3031 homo
296 2982 326 3032 ot
342 2981 426 3045 ponet
443 2978 562 3032 famosae
579 2979 676 3033 mortis
692 2996 822 3037 amorem.

120 3050 179 3102 Nec
196 3051 262 3103 satis
278 3056 392 3119 apparet
408 3067 457 3105 cur
473 3067 568 3106 versus
584 3053 700 3123 lectitet,
718 3059 813 3112 utrum
931 3076 966 3117 m

120 3122 252 3176 Miuxcrit
268 3124 297 3176 in
314 3125 418 3191 patrios
434 3124 547 3192 cineres,
565 3141 600 3180 au
618 3128 701 3183 tristo
720 3129 844 3188 bidental
