2116 3424
256 175 267 188 ι
291 156 497 207 CARMINUM
513 157 535 207 1.
554 160 593 218 32,
613 159 651 220 33,
671 161 709 208 34.
893 160 929 208 al.

440 303 564 358 XXXII.

212 385 360 440 Poscmun.
396 385 425 440 si
443 386 510 454 quid
527 386 604 440 vacui
622 386 673 440 sub
690 387 788 442 umbra

212 459 339 515 Lusimus
356 465 447 516 tecum
465 462 539 530 quod
556 466 586 516 et
603 462 698 518 hunc
691 481 719 515 ιιι
737 479 836 518 annum

212 536 297 590 Vivat
313 540 343 591 et
359 537 459 605 plures,
466 553 529 616 age
546 537 591 591 dic
609 537 744 605 Latinum,

246 612 368 679 Barbite‚
386 617 503 680 carmen,

211 685 311 741 Lesbio
328 688 446 756 primum
464 687 643 742 modulate
620 688 679 756 civi,
912 707 926 748 ι

213 762 265 826 Qui
283 762 361 816 ferox
378 762 451 816 bello
468 756 561 817 tamen
578 763 651 818 inter
668 780 749 832 arma,

158 857 161 862 ’
211 837 274 891 Sive
287 837 421 905 jactatam
438 838 568 906 religarat
584 838 641 892 udo

240 912 340 972 Litore
357 912 456 979 navim,

210 987 340 1041 Liberum
358 991 388 1042 et
405 988 498 1042 Musas
516 987 706 1058 Veneremque
723 992 752 1044 et
768 989 808 1045 illi

201 1062 326 1132 ¹Semper
342 1063 513 1118 haerentem
509 1080 633 1152 :puerum
650 1064 766 1120 canebat

211 1138 248 1192 Et
265 1139 367 1206 Lycum
384 1139 470 1206 nigris
486 1139 571 1192 oculis
587 1140 720 1208 nigroque

246 1213 328 1268 (irine
345 1212 481 1276 decorum.
539 1249 578 1278 -,
555 1269 559 1274 ,

170 1324 172 1328 .
211 1287 235 1342 0
254 1289 337 1343 decus
355 1289 458 1343 Phoebi
476 1292 505 1344 et
514 1285 639 1372 dapibus
656 1292 774 1359 supremi

210 1363 297 1418 Grata
312 1364 424 1418 testudo
441 1364 560 1432 doris,
543 1381 560 1430 o
574 1358 701 1420 laborum

134 1467 135 1471 =
210 1439 297 1494 Dulce
314 1439 441 1507 lenimen,
459 1440 525 1494 mihi
543 1451 659 1510 cumque
676 1441 750 1496 salve

245 1513 310 1569 Rite
328 1515 441 1606 vomnpi.

401 1715 404 1718 .
429 1655 569 1713 XXXIII.

212 1743 293 1808 Anni,
310 1757 345 1795 ne
363 1740 455 1794 doleas
472 1741 533 1809 plus
550 1739 634 1796 nimio
650 1756 753 1798 memor

210 1817 329 1871 Immitis
347 1817 484 1885 Glycerae,
501 1831 555 1870 neu
572 1815 740 1872 miserabiles

210 1891 347 1946 Decantei
363 1893 454 1959 elegos
471 1907 520 1946 our
537 1891 590 1945 tibi
602 1891 697 1960 junior

243 1967 330 2022 Laesa
347 1967 501 2036 praeniteat
517 1967 579 2021 fide.

210 2041 349 2111 Insignem
365 2042 442 2097 tenui
458 2041 549 2096 frunto
567 2041 699 2110 Lycorida
728 2065 733 2074 ·

210 2117 274 2186 Gyri
291 2121 379 2172 torret
396 2133 479 2184 amor,
499 2117 584 2184 Cyrus
601 2117 630 2170 in
647 2133 770 2185 asperam

192 2191 336 2266 *Declinat
354 2193 491 2257 Pholoen3
510 2192 559 2246 sed
575 2192 651 2260 prius
669 2195 767 2262 Apulis

242 2268 400 2336 Iungentur
417 2283 530 2336 capreae
547 2267 619 2335 lupis

208 2343 296 2408 Quam
315 2344 388 2410 turpi
407 2343 507 2396 Pholoe
524 2346 618 2411 peccet
636 2341 765 2400 adultero.

128 2453 131 2478 .·
208 2419 254 2474 Sic
271 2419 358 2472 visum
379 2418 488 2486 Veneri,
507 2417 551 2472 cui
567 2418 657 2487 placet
674 2419 792 2487 impares

208 2493 321 2549 Formas
338 2498 422 2563 atque
438 2494 542 2547 animos
559 2492 610 2547 sub
623 2492 692 2562 juga
709 2499 793 2548 aenea

242 2569 328 2628 Saevo
346 2569 457 2623 mittere
474 2585 535 2622 cum
549 2567 619 2636 joco.

207 2643 303 2712 Ipsum
319 2661 371 2712 me,
389 2644 485 2698 melior
502 2660 564 2697 cum
581 2647 689 2712 peteret
710 2645 809 2710 Venus,

208 2719 294 2774 Grata
311 2720 430 2775 detinuit
448 2719 578 2788 compede
596 2719 713 2786 Myrtale
786 2741 789 2759 ·

206 2794 355 2863 Libertina,
372 2795 451 2850 fretis
468 2794 556 2848 acrior
574 2793 697 2848 Hadriae

241 2869 387 2926 Ourvantis
405 2868 535 2924 Calabros
552 2869 632 2922 sinus.

205 3095 317 3150 Peneus
335 3012 563 3148 deorurlilrilldr
573 3093 602 3142 et
618 3067 792 3156 infrequenti⁴

160 3241 165 3250 .
204 3168 373 3224 Insanientis
390 3166 456 3221 dum
474 3162 622 3239 sapientiae
707 3199 711 3214 .
