2116 3424
345 115 547 167 (ultumum
566 116 603 164 11.
621 118 645 175 2,
664 118 687 164 3.
908 115 939 167 27

263 199 390 252 l'estctur
406 196 587 266 auditumque
605 197 696 252 Medis

298 272 450 342 Hesperiae
467 274 586 328 sonitum
604 275 717 329 ruinael

75 380 82 404 ι
142 357 146 364 ’
228 346 283 413 Qui
299 365 400 417 gorges
417 354 465 404 aut
482 367 554 419 quae
571 349 682 404 flumina
698 350 822 419 lugubris

228 423 330 492 Ignara
347 424 432 479 bellil
449 425 524 494 quod
540 442 616 480 mare
634 426 757 482 Dauniae

119 509 122 514 ’
263 499 327 553 Non
345 501 533 556 decoloravere
550 501 667 557 caedesl
866 529 875 544 ·
916 512 941 551 ³⁵

298 575 375 640 Quae
391 581 468 632 curet
484 593 533 632 ora
548 594 644 631 cruore
660 577 773 632 nostrol

228 649 286 705 Sed
302 667 338 706 ne
355 652 465 720 relictis,
483 652 564 706 Musa
580 669 688 722 procax,
700 652 772 721 jocis

228 725 302 782 Oeae
319 731 451 782 retractes
435 744 581 831 υωμιιιθιη
598 729 711 783 neniae:

265 801 373 872 Mecum
391 783 523 857 Dion‘a'eol
530 804 581 858 sub
599 789 678 878 airino

298 877 405 943 Quaere
422 879 517 934 modos
533 879 634 935 leuiore
650 880 760 950 plectro.

499 1021 539 1076 11.

229 1102 345 1160 Nonius
362 1108 475 1172 urgento
492 1105 566 1160 color
582 1108 626 1160 est
642 1105 730 1160 araris
795 1079 818 1125 ς·
851 1095 911 1120 “’“’
945 1093 953 1110 '

220 1178 335 1234 -Abdito
352 1180 442 1243 terris,
460 1179 568 1236 inimice
585 1181 691 1235 lamnae

230 1253 326 1324 Orispe
343 1255 462 1310 Sallusti.
479 1255 532 1310 nisi
549 1259 701 1326 temperato

265 1329 414 1399 Splendeat
429 1347 512 1397 usugv

229 1403 314 1460 Vivet
331 1409 443 1462 extento
461 1405 617 1462 Proculeius
634 1423 701 1462 aevo

230 1479 321 1535 Notus
337 1481 367 1534 iu
383 1481 484 1536 fratres
502 1483 585 1539 animi
603 1483 725 1551 paterni;

230 1555 313 1610 Illum
330 1559 394 1625 aget
411 1573 502 1625 penna
516 1561 657 1612 metuente
674 1557 741 1612 solvi

265 1631 350 1686 Fama
367 1636 513 1701 superstas
901 1701 905 1711 ¹

230 1705 326 1761 Latius
344 1723 442 1776 regnes
458 1708 569 1762 avidum
586 1708 722 1764 domando
803 1735 808 1744 ·
826 1709 835 1781 ζ
852 1719 856 1727 ’
924 1716 927 1724 “

230 1781 371 1856 Spiritum,
388 1799 470 1852 quam
488 1784 511 1837 si
529 1783 643 1852 Libynm
661 1789 773 1839 remotis
833 1787 837 1804 ¹

230 1857 354 1912 Gadibus
366 1857 467 1927 jungas
485 1863 514 1914 et
531 1863 648 1930 uterque
666 1860 773 1916 Poenus

267 1933 374 1988 Serviat
391 1934 446 1988 uni.

184 2058 192 2066 .
230 2008 336 2064 Crescit
353 2009 497 2078 indulgens
514 2010 567 2065 sibi
585 2011 661 2066 dimus
678 2011 804 2082 hydrops,

230 2083 290 2139 Nec
307 2086 381 2141 sltim
398 2086 476 2154 pellit
492 2087 545 2140 nisi
562 2103 643 2141 causa
660 2087 747 2142 morbi

231 2159 346 2228 Fugerit
363 2161 440 2215 venis
457 2165 487 2216 et
504 2179 621 2232 aquosus
640 2163 702 2217 albo

265 2235 385 2304 Corpore
401 2237 522 2305 languor.

232 2309 383 2366 Redditum
401 2312 465 2381 Gyri
483 2312 548 2367 solio
567 2312 710 2368 Phraaten·

231 2385 375 2442 Dissidens
392 2388 465 2456 plebi
483 2405 596 2443 numero
613 2389 755 2445 beatorum

232 2461 337 2518 Eximit
354 2463 458 2533 Virtus,
474 2465 658 2535 populumque
674 2467 750 2520 falsis

266 2537 390 2594 Dedecet
406 2539 447 2593 uti

231 2612 360 2682 Vocibus,
377 2631 492 2683 regnum
508 2619 539 2672 et
556 2616 683 2672 diadema
698 2621 788 2674 tutum

231 2688 365 2744 Defereus
381 2691 429 2744 uni
446 2693 638 2763 propriamwe
655 2693 760 2746 laurum

233 2765 362 2835 Quisquis
379 2766 503 2834 ingentes
521 2769 599 2824 oculo
615 2769 748 2824 inretorto

266 2841 380 2912 Spectet
396 2859 512 2897 acervos.

234 3069 359 3126 Areum
376 2985 614 3121 memenaloli‘ebus
630 3069 659 3122 in
677 3067 771 3120 arduis
811 3045 902 3104 ’Μ
925 3065 953 3092 tm
971 3033 1052 3122 's-f'·

234 3141 349 3197 Servare
365 3146 493 3204 mentem,
510 3155 565 3191 non
582 3155 660 3192 secus
676 3139 705 3192 in
721 3139 799 3192 boni,
