2126 3410
121 131 154 178 56

376 134 529 184 HORATII
546 135 676 186 annom

239 215 327 270 Unico
343 216 465 284 gaudens
481 217 579 269 mulier
595 215 695 270 marito

240 290 359 344 Prodeat
371 291 455 358 justis
472 296 583 358 operata
600 291 689 354 sacris,

241 365 278 418 ut
296 382 371 418 soror
388 365 453 418 clari
471 365 547 418 ducis
566 369 595 420 et
612 365 727 419 decorae

275 439 400 508 Supplice
418 441 487 494 vitta

241 514 385 582 Virginum
403 513 503 568 matres
517 514 703 584 juvenumque
720 529 809 582 nuper

223 589 385 662 emptum.
421 590 484 657 VoS,
503 605 520 643 o
537 590 615 659 pueri
633 594 663 642 et
679 589 786 657 puellae

239 663 304 718 Jam
322 665 409 718 virum
427 669 562 733 expertae,
579 663 650 718 male
666 664 792 718 ominatia

275 740 383 793 Parcite
400 739 497 794 verbis.

241 813 296 868 Hic
313 815 372 868 dica
389 831 453 868 vere
470 813 534 868 mihi
551 815 638 868 festus
656 817 730 868 atras

240 887 350 942 Eximct
367 906 458 954 curam
476 906 526 956 ego
543 905 593 942 nec
610 891 757 942 tumultum

240 962 267 1017 N
269 979 300 1017 ec
318 963 386 1016 mori
403 965 523 1031 pervim
539 967 660 1017 metuam
677 966 790 1017 tenente
818 980 820 985 ·

275 1031 391 1092 (laesere
408 1043 501 1114 terrae

181 1177 184 1184 Ι
241 1112 337 1180 Ipete
354 1121 529 1180 unguentum,
547 1127 622 1180 puer,
641 1116 669 1166 et
687 1128 798 1166 coronae

240 1187 278 1240 Et
294 1187 391 1240 cadum
409 1188 494 1240 Marsi
512 1204 659 1240 memorem
677 1187 767 1254 duelli,

239 1260 398 1329 Spartacum
416 1263 439 1315 si
456 1277 510 1330 qua
526 1263 616 1332 potuit
632 1267 775 1330 vagantem

275 1335 381 1390 Fallere
398 1340 477 1391 testa

240 1406 292 1462 Dic
309 1413 338 1463 ct
355 1414 468 1478 argutae
485 1415 613 1480 properet
631 1411 754 1466 Neaerae

239 1483 400 1537 Murrheum
417 1486 489 1538 nodo
507 1487 633 1540 cohibere
651 1487 752 1540 crinem
757 1505 767 1554 ;

240 1554 268 1613 si
286 1559 468 1626 perinvitum
485 1577 561 1615 mora
574 1561 721 1628 janitorem
817 1557 821 1570 ‘'

269 1633 344 1700 ¹Fiet,
362 1633 444 1689 abito.

239 1706 320 1760 Lenit
336 1708 475 1763 albescens
492 1711 595 1764 animos
612 1711 723 1779 capillus
740 1777 743 1782 Ι

239 1781 341 1834 Litium
359 1787 387 1836 et
405 1779 480 1838 rixae
498 1786 610 1854 cupidos
627 1789 785 1852 protervae;

123 1893 126 1900 ¹
238 1854 301 1908 Non
319 1873 369 1922 ego
386 1857 437 1910 hoc
454 1859 553 1914 serrem
571 1859 675 1914 calidus
688 1859 804 1928 juventa

274 1929 390 1984 consue
409 1932 515 1989 Planco.

495 2074 556 2130 XV.

196 2159 198 2163 ’
246 2154 326 2209 Uxor
338 2155 464 2223 pauperis
483 2157 564 2225 Ibyci,

273 2228 393 2282 Tandem
410 2231 548 2298 nequitiae
566 2231 620 2300 fige
637 2231 747 2287 modum
764 2235 829 2290 tuae

239 2299 415 2372 Famosisquc
432 2304 580 2358 laboribus:

273 2377 382 2430 Maturo
400 2379 509 2444 propior
526 2379 621 2434 desine
637 2380 727 2434 funeri

238 2447 317 2503 Inter
333 2450 429 2504 ludere
445 2452 563 2519 virgines
747 2456 750 2461 ’

274 2526 309 2577 lit
327 2525 412 2578 stellis
430 2527 555 2580 nebulam
574 2545 702 2598 spargere
719 2529 850 2585 candidis.
867 2555 869 2560 ¹

238 2597 265 2652 N
267 2615 301 2650 on
319 2599 341 2650 si
359 2600 425 2667 quid
444 2601 563 2656 Pholoen
581 2605 648 2658 eatis

272 2672 309 2724 Flt
326 2677 362 2739 te,
382 2674 480 2742 Ohlori,
498 2676 590 2732 decet:
608 2679 665 2732 filia
682 2679 782 2734 rectius

237 2743 382 2812 Expugnat
396 2747 527 2814 juvenum
545 2750 646 2818 domos,

272 2819 353 2873 Pulso
372 2819 468 2889 Thyias
485 2825 526 2877 uti
545 2826 650 2879 concita
667 2830 800 2895 tympano.

237 2890 317 2946 Illam
334 2897 407 2962 cogit
424 2913 500 2949 amor
518 2898 604 2951 Nothi
800 2897 803 2902 ’
820 2895 823 2900 ’

217 3011 219 3016 .
272 2966 398 3021 Lascivae
416 2971 532 3024 similem
549 2973 645 3026 ludere
662 2990 790 3043 capreae:

236 3035 276 3091 Tc
292 3039 369 3094 lanae
386 3058 469 3112 prope
486 3045 604 3097 nobilem

272 3109 375 3164 Tonsae
392 3116 542 3184 Luceriam,
560 3133 613 3171 non
630 3119 750 3174 citharae
768 3121 876 3192 decent,
