2144 3420
24 139 28 148 ·
120 125 166 175 loa
192 154 195 164 ι
394 121 547 172 HORATII
564 119 693 170 FLAcol

115 217 176 277 Ἃ
520 264 560 318 11.

118 353 243 413 'isonam
259 354 325 410 belii
342 355 509 424 scriptorem,
526 353 645 408 maxime
663 354 741 420 Lolli,

118 431 192 484 Dum
210 435 243 484 tu
260 430 394 484 declamas
413 430 515 482 Romae
534 430 681 482 Praeneste
697 429 802 496 relegi;
858 455 860 460 ·

119 505 172 570 Qui
184 505 251 574 quid
263 505 299 558 sit
310 505 461 573 pulchrum,
471 505 539 572 quid
550 507 638 572 turpe,
651 503 719 572 qnid
730 505 799 558 utile
800 505 883 573 ,quid
897 525 953 582 npn

119 580 230 634 Planius
247 597 279 634 ac
287 580 392 656 melius
411 579 561 648 Chrysippo
579 583 609 634 et
627 579 759 634 Crantore
777 546 851 636 dicit.

119 657 175 710 Gur
192 657 232 712 its
247 633 410 708 crediderim
427 655 479 708 nisi
497 654 565 723 quid
580 657 611 708 te
628 654 735 708 detinet
752 656 825 710 andi.

119 731 223 785 Fabula
240 748 295 800 qua
314 731 420 784 Paridis
436 734 549 799 propter
565 733 693 784 narratur
709 746 829 808 amorem

118 805 232 860 Graecia
249 805 398 860 Barbarinc
415 805 488 858 lento
505 804 599 858 collisa
616 804 707 859 duello

118 881 269 935 Stultorum
287 897 382 948 regum
399 884 429 934 ot
445 880 606 949 populorum
623 881 746 934 continet
763 885 863 936 aestus.

88 1000 91 1006 .
118 956 244 1010 Antenor
261 959 355 1010 censet
371 955 437 1008 belli
453 953 614 1024 praecidere
630 971 754 1009 causam:
1069 969 1070 982 ¹

119 1031 192 1094 Quid
210 1031 306 1086 Paris'l
342 1031 383 1085 Ut
400 1031 489 1084 salvus
506 1033 605 1098 regnet
621 1030 750 1099 vivatque
767 1029 865 1084 beatus
947 1049 973 1087 ιο

118 1107 185 1174 Cogi
202 1123 282 1176 posse
299 1109 390 1174 neget
424 1105 526 1159 Nestor
543 1121 704 1173 componere
721 1105 784 1159 lites
1069 1115 1070 1126 ¹

118 1183 198 1236 lnter
217 1181 331 1235 Peliden
348 1181 462 1234 festinat
473 1184 508 1234 et
525 1179 599 1234 inter
616 1180 749 1244 Atriden;

118 1256 201 1310 Hunc
218 1272 300 1322 amor,
318 1255 360 1308 im
376 1255 487 1336 quidem
507 1255 687 1308 communiter
702 1255 759 1308 urit
776 1258 931 1324 utrumque.

118 1330 290 1401 Quidquid
276 1322 394 1383 delirant
411 1346 489 1396 reges
506 1330 663 1398 plectuntur
680 1329 785 1382 Αοιιιιι.
1069 1355 1070 1410 p

118 1407 266 1473 Seditione,
285 1395 363 1471 dolis,
381 1404 530 1458 sceleret
501 1409 585 1472 atque
602 1403 715 1457 libidine
732 1404 786 1457 et'
778 1421 820 1458 nn
947 1421 972 1460 1⁵
1069 1411 1070 1486 ι

118 1482 215 1536 Iliacos
232 1483 305 1534 intre
322 1496 413 1532 muros
430 1483 558 1548 peccatur
575 1482 605 1532 et
622 1483 708 1532 extra.
1069 1491 1070 1510 ¹

118 1556 224 1610 Rursus
241 1555 308 1624 quid
325 1555 412 1608 virtus
430 1558 460 1608 et
477 1553 544 1622 quid
562 1553 697 1622 snpientia
712 1554 798 1622 possit

117 1631 194 1684 Utile
212 1630 353 1698 proposuit
369 1629 447 1682 nobis
466 1629 605 1694 exemplar
623 1629 731 1695 Ulixen,

118 1706 171 1769 Qui
189 1706 307 1760 domitor
325 1703 421 1772 Trojne
438 1704 585 1757 multorum
603 1705 733 1772 providus
750 1703 832 1758 nrbes

118 1775 155 1834 Ῑιι
172 1797 261 1834 mores
279 1781 418 1833 hominum
435 1779 563 1846 inspexit,
581 1778 722 1848 latumque
738 1797 789 1848 per
805 1795 914 1848 aequor,
942 1795 970 1834 ar

117 1855 190 1909 Dum
208 1855 260 1908 sibi
278 1856 343 1908 dum
361 1855 440 1908 sociis
456 1854 577 1907 reditum
594 1859 680 1922 parat,
698 1871 795 1922 aspera
812 1855 898 1908 multo

117 1930 236 1984 Pertulit
253 1930 375 1984 adversis
392 1945 484 1983 rerum
501 1929 690 1984 immersabilis
705 1929 794 1984 undis.

117 2005 243 2058 Sirenum
260 2021 339 2058 voces
357 2009 386 2059 et
404 2005 498 2058 Circae
516 2005 612 2072 pocula
629 2004 701 2057 nosti
710 2025 718 2070 ;

117 2080 193 2144 Quae
210 2081 234 2134 si
251 2078 317 2134 cum'
331 2079 409 2133 sociis
426 2079 527 2132 stultus
544 2079 713 2146 cupidusque
729 2078 852 2147 bibisset,

117 2155 174 2208 Sub
191 2155 301 2209 domina
317 2155 460 2208 meretrice
478 2154 575 2207 fuisset
592 2154 681 2221 turpis
699 2157 728 2207 et
745 2170 847 2222 excors,
944 2171 969 2209 as
1069 2193 1070 2198 ι

116 2231 239 2285 Vixisset
256 2231 330 2284 canis
347 2229 503 2282 immundus
520 2229 564 2282 vel
582 2229 669 2281 amica
684 2228 744 2282 luto
761 2245 815 2282 sus.
1069 2231 1070 2238 ’

116 2305 142 2359 N
145 2323 174 2359 os
191 2322 320 2360 numerus
338 2321 430 2359 sumus
448 2308 477 2358 et
494 2304 588 2372 fruges
605 2319 761 2356 consumere
778 2303 843 2372 nati,

116 2383 213 2449 Sponsi
232 2381 391 2449 Penelopae,
408 2379 562 2446 nebulones,
581 2378 741 2446 Alcinoique

116 2456 151 2509 In
168 2459 231 2526 cute
249 2456 369 2510 curanda
385 2455 447 2542 plus
463 2470 550 2522 aequo
567 2457 680 2521 operata
693 2453 832 2520 juventus,

116 2531 167 2585 (lui
184 2516 328 2600 pulchrum
345 2529 423 2583 fuit
415 2546 444 2581 m
461 2529 565 2582 medios
583 2528 702 2582 dormire
720 2527 780 2580 dies
796 2533 825 2581 et
944 2545 969 2584 es

116 2606 163 2659 Ad
181 2607 325 2679 strepitum
342 2605 463 2658 citharae
480 2606 614 2656 cessatum
632 2603 733 2656 ducere
750 2619 849 2656 curam.

115 2680 156 2734 Ut
170 2679 299 2768 jugulent
287 2680 439 2734 thomines
455 2681 570 2757 surgunt
558 2677 625 2732 tde
642 2681 723 2732 nocte
739 2677 875 2734 latrones.

115 2755 156 2809 Ut
173 2757 227 2808 to'
220 2773 308 2822 1psum
327 2771 419 2808 serves
436 2770 490 2806 non
493 2752 724 2826 expergisceris?
760 2753 848 2822 Atqui

115 2829 145 2881 Si
162 2829 238 2882 noles
256 2845 336 2881 sanus
353 2844 445 2880 curres
462 2817 641 2895 hydropicum
659 2831 688 2880 et
705 2827 734 2880 ni

116 2901 215 2952 Posces
232 2906 295 2954 anto
312 2901 386 2953 diem
402 2901 502 2953 librum
519 2917 581 2954 cum
598 2901 706 2966 lumine,
724 2902 747 2954 si
763 2915 816 2953 non
942 2919 968 2960 η
1069 2899 1070 2950 l

117 2972 250 3026 intendes
267 2975 386 3028 animum
404 2975 503 3027 studiis
520 2979 549 3028 c
537 2976 649 3029 trebus
667 2976 797 3043 honestis,

116 3043 224 3096 Invidia
240 3046 284 3098 vel
301 3061 392 3100 amoro
409 3048 473 3114 vigil
491 3049 663 3116 torquebere.
699 3051 726 3102 N
727 3067 771 3104 am
789 3070 839 3106 cur

116 3115 192 3176 Quae
209 3113 321 3170 laedunt
337 3120 427 3172 oculos
443 3121 504 3173 fast
485 3123 555 3173 tmns
572 3121 691 3190 demere,
709 3125 732 3176 si
750 3127 815 3193 qnid
