2144 3420
370 131 624 181 EPISTULARUM
642 133 680 182 11.
701 136 724 185 1.
923 129 969 182 loo

109 209 185 280 Ipse
202 226 254 278 ego
271 211 321 280 qui
338 211 426 264 nullos
444 227 488 266 me
505 212 619 266 adfirmo
637 212 757 266 scribere
774 227 870 267 versus

108 285 247 360 Iuvenior
260 285 376 340 Parthis
393 285 558 356 mendacior,
577 289 607 342 et
624 283 702 356 prius
720 291 782 341 orto

108 361 179 416 Sole
196 361 262 430 vigil
280 362 413 416 calumum
431 365 461 416 et
479 360 587 416 chartas
605 368 634 416 et
652 363 750 416 scrinia
767 379 855 431 posco.

107 436 221 492 Navem
239 453 321 506 agore
338 438 450 506 ignauis
467 439 543 492 navis
559 439 654 504 timet;
677 438 839 492 abrotonum
854 453 937 506 aegro

106 504 177 566 Non
196 511 281 566 audet
296 513 349 566 nisi
366 513 415 582 qui
431 513 528 568 didicit
544 514 626 578 dare;
649 514 723 582 quod
739 513 907 581 medicorum
920 516 963 566 est

107 585 285 642 Promittunt
303 588 402 642 medici
411 608 418 653 ;
441 591 562 642 tractant
580 588 689 642 fabrilia
706 587 790 642 fabri:
928 602 963 642 ne

107 662 263 716 Scribimus
280 663 384 717 indocti
404 663 532 732 doctique
550 667 677 732 poemata
693 664 802 732 possim.

106 737 167 790 Ilio
186 754 263 791 error
279 734 373 792 tamen
392 741 421 792 et
438 739 506 792 levis
523 739 590 792 baec
606 739 711 792 insania
729 743 848 807 quantas

105 811 240 866 Virtutes
257 812 358 866 habeat
376 813 416 867 sio
431 814 539 883 collige:
564 815 634 868 vatis
651 821 748 867 avarus

105 887 135 941 N
137 903 173 940 on
186 892 289 942 temere
300 893 345 942 est
356 889 477 954 animus;
494 905 588 944 versus
599 895 680 954 amat,
693 888 847 944 hocstudet
858 905 953 955 unum;

105 962 293 1029 Detrimenta,
310 965 389 1031 firgus
407 980 552 1033 servorum,
570 965 696 1018 incendia
713 965 801 1028 ridet;
923 979 954 1018 121

105 1038 134 1092 N
136 1055 172 1092 on
191 1039 316 1093 fraudem
334 1039 406 1092 socio
423 1055 541 1108 puerove
558 1039 689 1106 incogitat
706 1039 790 1092 ullam

106 1113 235 1182 Pupillo;
255 1114 322 1168 vivit
340 1114 446 1182 siliquis
463 1118 493 1168 et
509 1129 580 1184 pane
598 1115 731 1179 secundo;

105 1188 226 1266 Militiae
244 1205 409 1258 quamquam
427 1190 506 1258 piger
523 1193 552 1244 et
568 1190 663 1258 malus,
680 1190 756 1244 utilis
773 1191 843 1258 urbi,

105 1263 136 1318 Si
155 1265 206 1318 das
223 1263 274 1317 boc
291 1265 383 1333 parvis
401 1281 510 1334 quoque
527 1264 610 1318 rebus
627 1282 725 1333 magna
738 1265 838 1333 juvari.
921 1279 954 1321 111
976 1331 981 1342 ¹

105 1339 146 1392 Os
164 1343 291 1394 tenerum
309 1339 388 1411 pueri
407 1340 572 1410 balbumque
588 1345 671 1409 poeta
688 1342 795 1408 figurat.

105 1413 229 1484 Torquet
245 1415 281 1468 ab
298 1415 440 1470 obscoenis
452 1415 513 1484 jam
530 1431 602 1469 nunc
619 1416 787 1469 sermonibus
805 1431 905 1483 aurern,

105 1489 173 1543 Mox
191 1490 275 1544 etiam
293 1495 389 1560 pectus
407 1491 561 1560 praeceptis
577 1491 676 1544 format
693 1491 794 1558 amicis,

105 1566 275 1636 Asperitetis
293 1569 322 1619 et
339 1565 458 1621 invidiae
476 1570 611 1620 corrector
628 1570 658 1620 et
674 1565 747 1630 irae;

105 1638 193 1695 Recte
212 1642 285 1695 facta
302 1643 395 1709 refert,
415 1642 529 1696 orientia
545 1645 670 1710 tempora
686 1641 759 1694 notis
791 1673 812 1680 ·-
915 1649 957 1690 rso.

106 1713 224 1770 Instruit
242 1717 380 1784 exemplis,
397 1717 505 1786 inopem
524 1717 627 1770 solatur
643 1719 672 1770 et
690 1731 808 1783 aegrum

105 1790 196 1845 Castis
213 1807 275 1845 cum
292 1793 385 1860 pueris
402 1793 496 1860 ignara
513 1792 603 1860 puella
619 1792 711 1845 mariti

104 1864 234 1922 Disceret
250 1861 325 1920 u'nde
343 1884 438 1934 preces
455 1871 546 1922 vatem
564 1869 593 1920 ni
611 1868 691 1920 Musa
707 1867 847 1920 dedissetl

105 1941 198 2010 Poscit
214 1959 295 2012 opem
313 1942 411 1996 chorus
429 1947 458 1996 et
475 1943 631 2012 praesentia
648 1943 758 1995 numina
776 1941 868 2009 sentit,

105 2018 243 2073 Caelestes
260 2017 389 2086 implorat
406 2034 490 2086 aquas
508 2017 588 2072 docta
605 2033 686 2085 prece
703 2016 828 2083 blandus,
917 2031 954 2072 les

105 2094 217 2147 Avertit
235 2093 351 2166 morbos,
370 2094 519 2147 metuenda
536 2093 656 2162 pericula
672 2093 758 2162 pellit,
841 2121 843 2128 ,

105 2168 240 2237 Impetrat
255 2172 287 2222 'et
304 2183 399 2236 paoem
417 2173 446 2223 et
463 2169 626 2238 locupletem
643 2167 768 2235 frugibus
786 2183 892 2223 anuum.

106 2243 231 2314 Carmine
249 2243 278 2298 di
296 2244 387 2311 superi
405 2244 553 2312 placantur,
571 2243 689 2297 carmine
708 2243 817 2298 Manes

106 2319 249 2388 Agricolae
266 2319 355 2388 prisci,
373 2319 458 2372 fortes
475 2335 613 2388 parvoque
631 2319 712 2384 beati,

106 2395 221 2450 Condita
237 2399 301 2464 post
318 2395 455 2448 frumenta
471 2395 593 2448 levantes
610 2395 734 2462 tempore
750 2391 822 2446 festo
914 2407 952 2450 llo·

106 2471 214 2540 Corpus
226 2475 256 2524 et
273 2470 362 2539 ipsum
381 2470 499 2523 animum
518 2486 565 2538 spe
583 2469 645 2522 finis
662 2469 732 2522 dura
748 2469 890 2538 ferentem,
969 2464 971 2472 ’

106 2545 171 2599 Cum
189 2545 269 2599 sociis
287 2561 406 2614 operum,
424 2545 516 2614 pueris
534 2548 563 2598 et
580 2545 694 2613 conjuge
711 2543 774 2612 fida,

105 2621 237 2674 Tellurem
256 2636 345 2689 porco,
364 2619 502 2673 Silvanum
520 2619 589 2672 lacte
607 2619 724 2687 piabant,

106 2695 229 2764 Floribus
247 2699 276 2750 et
293 2696 355 2748 vino
374 2693 490 2748 Genium
508 2710 654 2748 memorem
668 2693 758 2747 brevis
775 2697 841 2753 aevi

92 2771 269 2826 'fescennina
285 2786 336 2840 per
352 2769 423 2823 hunc
440 2770 550 2823 inventa
567 2769 676 2822 licentia
692 2785 796 2823 morem
913 2785 952 2829 'us

105 2845 235 2900 Versibus
253 2845 366 2900 alternis
383 2844 528 2914 opprobria
539 2845 647 2898 rustica
664 2845 744 2911 fudit,

105 2921 282 2991 libertasque
300 2925 470 2974 recurrentes
487 2924 597 2989 accepta
614 2937 664 2988 per
681 2937 766 2974 annos
859 2938 862 2944 ·

105 2996 180 3052 Lusit
197 2997 358 3067 amabiliter,
377 2996 462 3048 donec
475 2995 535 3062 jum
553 3011 648 3048 suevus
666 2999 788 3062 apertam

107 3072 138 3128 111
154 3071 257 3126 rabiem
276 3071 364 3138 coepit
382 3069 452 3123 verti
466 3069 546 3136 jocus
563 3073 592 3122 et
609 3085 660 3137 per
677 3070 806 3126 honestas

107 3147 150 3202 Ire
165 3146 261 3201 domos
278 3148 388 3214 impune
407 3144 507 3198 minax.
543 3143 663 3198 Doluere
680 3149 794 3198 cruento
909 3159 947 3200 uo
